2618 3450
375 924 985 982 DISQUISITIONES
1025 925 1483 978 GENERALES
1521 924 1623 977 DE
1665 924 2253 979 CONGRUENTIIS.

676 1121 972 1165 ANALYSIS
1004 1122 1391 1166 RESIDUORUM
1422 1122 1614 1166 CAPUT
1647 1121 1946 1166 OCTAVUM.

1259 1474 1372 1515 330.

327 1557 469 1609 Quae
496 1557 548 1603 in
576 1556 893 1604 Sectionibus
921 1557 1339 1618 praecedentibus
1367 1557 1429 1603 de
1457 1556 1797 1619 congruentiis
1826 1563 1944 1604 sunt
1969 1557 2175 1613 tradita,
2206 1558 2475 1620 simplicis-

153 1646 303 1693 simos
326 1653 522 1693 tantum
545 1663 686 1693 casus
708 1645 922 1692 attinent
942 1646 1295 1707 methodisque
1318 1646 1706 1708 particularibus
1728 1646 2028 1708 plerumque
2048 1652 2167 1694 sunt
2187 1654 2342 1695 eruta.
2409 1648 2471 1694 In

150 1736 246 1783 hac
275 1736 507 1783 Sectione
534 1736 816 1797 periculum
843 1734 1086 1782 faciemus
1114 1735 1558 1797 congruentiarum
1587 1736 1846 1789 theoriam,
1876 1742 2123 1798 quantum
2151 1732 2482 1797 quidem'adss

150 1825 251 1873 huc
278 1825 417 1879 licet,
460 1826 522 1871 ad
549 1825 727 1872 altiora
761 1824 1010 1887 principia
1045 1825 1307 1879 reducere,
1350 1824 1500 1871 simili
1532 1823 1638 1871 fere
1666 1826 1812 1871 modo
1839 1831 1894 1872 ut
1927 1827 2254 1890 aequationum
2279 1826 2473 1873 theoria

153 1915 460 1962 considerari
488 1915 638 1967 solet,
682 1931 897 1975 quacum
925 1914 1137 1976 insignis
1174 1913 1442 1962 intercedit
1467 1914 1718 1976 analogia,
1759 1915 1833 1962 uti
1869 1915 1968 1961 iam
2004 1915 2202 1977 saepius
2240 1916 2472 1963 observa-

152 2006 331 2052 vimus,
407 2005 659 2057 Quoniam
695 2004 852 2066 igitur
887 2019 1060 2050 omnes
1099 2003 1459 2065 congruentiae
1486 2004 1796 2066 algebraicae
1821 2004 2022 2051 unicam
2059 2004 2367 2067 incognitam
2392 2005 2473 2052 in-

153 2095 409 2142 volventes
436 2093 497 2139 ad
526 2093 657 2139 hanc
682 2092 894 2140 formam
921 2092 1094 2139 reduci
1121 2098 1334 2153 possunt

1206 2219 1412 2268 ΧΞΟ

153 2361 243 2409 ubi
279 2361 334 2408 X
367 2368 442 2407 est
467 2358 661 2406 functio
689 2359 971 2420 algebraica
996 2358 1281 2420 incognitae
1305 2375 1352 2412 αφ,
1393 2359 1559 2405 nullas
1585 2357 1852 2406 fractiones
1879 2359 2155 2416 involvens,
2182 2356 2481 2407 huiusmodi

154 2451 438 2499 functiones
465 2449 711 2511 imprimis
738 2456 888 2495 erunt
913 2447 1314 2494 considerandae.

1257 2632 1281 2671 3
1293 2632 1316 2672 3
1333 2633 1344 2670 1
1362 2663 1370 2672 .

331 2715 382 2762 Si
422 2715 477 2769 P,
515 2714 558 2768 Q
595 2713 695 2760 sint
720 2711 1005 2760 functiones
1033 2713 1455 2760 indeterminatae
1491 2728 1526 2760 «τ’
1562 2711 1712 2758 huius
1739 2710 1928 2759 formae

889 2840 1187 2900 A÷Boe÷
1211 2834 1611 2904 Cxx†Doe³—{—
1639 2876 1651 2887 .
1682 2876 1731 2886 ..

881 2924 1609 2990 H-4-Ioe-1-Koeoe-1-Loe3-1-
1638 2967 1648 2976 .
1681 2966 1730 2976 ..

158 3068 350 3135 (quales
373 3070 557 3116 abhinc
585 3085 782 3132 semper
807 3084 896 3131 per
914 3068 1189 3132 functiones
1216 3067 1512 3130 simpliciter
1535 3066 1874 3131 designamus)
1902 3073 1953 3115 et
1986 3067 2039 3115 in
2065 3073 2279 3131 utraque
2306 3066 2471 3114 coe’ffi-

158 3159 345 3206 cientes
373 3158 612 3205 similium
640 3158 798 3221 ipsius
835 3174 870 3205 oe
905 3163 1210 3220 potestatum
1250 3157 1527 3203 secundum
1555 3172 1909 3219 quemcunque
1935 3157 2198 3206 modulum
2225 3157 2324 3205 sint
2351 3173 2470 3204 con-
