2618 3450
157 111 257 158 204
887 126 1135 158 NACHLASS.
1184 124 1404 155 ANALYSls
1429 124 1742 156 RESIDUORUM.

162 249 255 311 eff]
280 256 399 300 eto,
453 250 643 295 radices
671 249 1023 310 congruentiae
1071 247 1223 293 zu:
1157 261 1221 265 ‘-
1256 254 1273 291 1
1328 245 1623 306 primitian,
1664 263 1875 307 quarum
1903 249 2174 296 multitudo
2202 258 2279 297 est
2315 249 2361 303 λ,
2402 251 2474 299 ita

162 338 213 382 in
252 355 274 383 e
313 338 494 385 classes
523 338 736 399 discerpi
759 353 916 398 posse
947 343 1002 382 ut
1022 344 1290 395 ‹·iggiegata
1311 335 1568 380 radicum
1557 351 1607 381 111
1630 338 1838 382 eandem
1863 337 2070 384 classem
2092 339 2360 386 relatarum
2382 356 2472 401 per

164 442 251 472 001
244 427 541 480 ‹³ruentinn
568 427 749 486 gradus
789 420 828 470 (1¹
834 412 840 418 .
832 425 1087 478 1(11111111·;
1131 423 1206 468 his
1244 439 1359 468 vero
1395 431 1648 484 tamquam
1688 425 1901 486 cognitis
1937 427 2208 487 suppositis
2243 430 2472 488 quamvis

164 516 205 561 (l
215 533 370 562 1556111
396 518 465 562 ita
486 517 532 561 in
548 517 593 578 f
610 516 808 561 ordines
827 513 1079 559 subdividi
1102 529 1259 573 posse,
1284 522 1339 558 ut
1360 521 1627 573 agai-egita
1645 514 1863 560 cuiusvis
1880 515 2068 561 ordinis
2087 532 2173 576 per
2194 532 2473 578 congruen-

165 606 283 650 tiam
319 598 393 668 f¹
433 621 504 665 gr
493 605 614 649 idus
643 605 847 653 dentur,
888 603 1040 662 hique
1068 601 1267 647 oidines
1294 617 1464 646 r'ulsus
1493 603 1746 648 subdividi
1774 613 1983 665 possunt
2009 612 2123 661 etc.,
2166 622 2325 666 usque
2352 607 2472 652 dum

166 694 227 738 ad
256 693 478 753 singulas
507 692 698 737 radices
725 690 1065 751 perveniatur.

1261 940 1373 979 246.

335 1044 578 1108 Definitio.
630 1042 959 1103 Complexum
986 1040 1309 1088 terminorum
1336 1042 1535 1087 omnium
1555 1041 1606 1086 10
1631 1041 1717 1088 tali
1738 1041 1899 1088 forma
1937 1032 2104 1107 (pk⁸†“)
2145 1045 2199 1108 (g.
2219 1046 2332 1109 241)
2356 1062 2475 1093 con-

165 1142 419 1181 tentorum
440 1132 686 1194 periodmn
714 1131 983 1194 completam
1010 1129 1111 1175 sive
1140 1129 1435 1190 simpliciter
1452 1129 1697 1192 periodum
1719 1131 1956 1180 dicemus.
2030 1133 2275 1195 Designat
2300 1150 2414 1181 vero
2451 1151 2477 1182 e

165 1224 430 1268 divisorem
460 1221 677 1282 aliquem
708 1220 906 1266 numeri
945 1219 991 1274 λ;
1034 1234 1068 1265 α
1103 1234 1372 1265 numerum
1400 1235 1754 1280 quemcunque
1782 1221 1980 1272 datum,
2021 1223 2054 1268 lc
2090 1239 2262 1270 omnes
2299 1241 2474 1271 nume-

954 1286 1120 1382 »ἒ-Ῑς
1175 1309 1429 1355 brevitatis
1458 1325 1572 1355 vero
1607 1309 1769 1370 gratia
1806 1309 1955 1357 talem
1988 1312 2247 1373 periodum
2286 1314 2356 1361 ita
2389 1316 2476 1361 de-

165 1403 420 1464 signamus
463 1401 604 1462 (εια).
681 1399 760 1445 Ita
786 1399 838 1444 in
866 1400 1097 1460 exemplo
1124 1408 1293 1446 nostro
1323 1400 1525 1446 termini

163 1329 241 1360 ros
268 1313 488 1371 integros
518 1328 545 1356 a
586 1317 610 1356 0
652 1325 811 1370 usque
839 1309 899 1355 ad

728 1523 815 1588 (1),
859 1524 946 1587 (⁶2),
990 1525 1051 1588 (4)
1092 1527 1320 1587 periodos
1363 1525 1406 1586 (2
1420 1526 1493 1588 Ο)
1535 1527 1861 1580 constituent,

725 1615 814 1677 (3)›
857 1614 943 1676 (6),
989 1614 1051 1678 (5)
1358 1615 1464 1678 ('2*¹
1481 1615 1493 1677 )

620 1705 673 1750 h1
700 1720 815 1751 vero
856 1704 918 1766 (1)
988 1705 1051 1767 (6)
1093 1704 1241 1750 hasce
1361 1705 1496 1766 (350)

854 1794 941 1855 (3),
986 1793 1050 1855 (4)
1355 1793 1492 1853 (3*1)

856 1883 917 1944 <2>
982 1881 1046 1945 (5)
1355 1882 1431 1941 <3
1450 1881 1493 1943 2>

340 2022 443 2068 Iam
469 2024 511 2067 sz'
535 2038 687 2068 omnes
716 2024 900 2068 termini
923 2024 972 2068 in
990 2022 1213 2085 periodos
1239 2021 1642 2083 quomodocunque
1666 2021 2033 2077 distribuantur,
2072 2023 2370 2086 sinyulaeque
2388 2039 2476 2085 pe-

164 2112 289 2158 riodi
310 2113 475 2157 iterum
501 2113 544 2157 2772
576 2110 797 2173 periodos
819 2112 1021 2157 minores
1047 2119 1093 2157 et
1123 2112 1189 2156 Sic
1216 2126 1386 2173 porro,
1427 2109 1639 2163 aliamue,
1679 2109 1732 2156 id
1764 2110 1959 2157 obtineri
1993 2110 2118 2174 quod
2152 2112 2200 2157 in
2237 2115 2284 2168 §.
2308 2126 2469 2175 praec.

160 2203 470 2263 promisimus,

335 2292 623 2349 Antequam
651 2304 767 2335 vero
794 2289 924 2334 hanc
951 2287 1317 2349 expositionem
1346 2287 1502 2349 ipsam
1533 2289 1896 2350 aggrediamur,
1924 2289 2261 2342 ostendemus,
2290 2288 2475 2335 forma-

167 2378 290 2425 tioni
317 2378 430 2423 talis
459 2377 664 2438 periodi,
695 2393 999 2437 quamquain
1028 2394 1056 2423 a
1082 2379 1279 2423 duabus
1307 2378 1676 2438 quantitatibus
1699 2379 2066 2439 quodammodo
2086 2378 2359 2424 arbitrariis
2386 2395 2423 2429 r,
2446 2396 2471 2443 ρ

165 2466 462 2526 dependeat,
492 2465 618 2510 nihil
647 2473 814 2512 tamen
843 2467 953 2527 vagi
979 2466 1166 2520 inesse,
1207 2482 1294 2511 seu
1322 2467 1774 2528 quomodocunque
1812 2468 1904 2514 hae
1940 2468 2251 2529 quantitates
2280 2467 2474 2530 eligan-

165 2564 262 2610 tur,
292 2571 486 2616 semper
512 2555 711 2600 eosdem
740 2555 978 2601 terminos
1005 2556 1057 2600 in
1085 2556 1294 2601 eandem
1325 2556 1586 2616 periodum
1614 2573 1910 2603 concurrere
1938 2557 2201 2619 (siquidem
2229 2564 2353 2617 quot
2375 2567 2473 2603 ter-

164 2645 326 2691 minos
355 2644 589 2704 periodus
617 2645 875 2691 continere
902 2645 1104 2698 debeat,
1143 2643 1298 2690 fuerit
1327 2646 1724 2708 praescimiptuin)

340 2732 632 2785 (riterium,
674 2733 797 2778 duos
828 2734 1065 2780 teiminos
1104 2733 1165 2787 A,
1195 2734 1242 2779 B
1278 2734 1328 2779 in
1357 2737 1530 2781 eadem
1559 2736 1763 2797 periodo
1791 2751 1912 2789 esse,
1941 2735 2059 2781 inde
2087 2735 2292 2821 petitur,
2334 2734 2469 2794 quod

164 2832 374 2885 uterque
401 2824 453 2869 in
483 2824 571 2871 tali
597 2823 758 2871 forma
779 2825 1089 2872 continetur.
1133 2814 1299 2889 (plesfu)
1339 2826 1441 2872 sive
1464 2840 1571 2871 esse
1607 2824 1742 2870 Α*
1677 2853 1743 2871 Ξ
1762 2797 1889 2869 rpkm
1896 2861 1905 2878 ,
1934 2824 2067 2871 B:
2002 2852 2068 2857 —
2089 2823 2133 2869 rp
2136 2796 2227 2822 m*
2242 2822 2467 2885 (modp).

163 2915 265 2961 Hic
292 2922 458 2960 autem
496 2931 522 2960 r
559 2921 636 2961 est
661 2915 804 2960 radix
832 2914 1085 2975 primitiva
1112 2914 1472 2976 congruentiae
1509 2912 1567 2960 «τη
1587 2927 1653 2960 Ξ
1681 2920 1698 2958 1
1721 2912 1952 2975 (mod.p);
1996 2929 2018 2976 ρ
2057 2927 2171 2958 vero
2199 2911 2341 2958 radix
2367 2910 2471 2971 pri-

162 3005 336 3052 mitiva
361 3005 716 3066 congruentiae
761 2992 907 3052 oei—
841 3019 908 3038 Ξ
935 3012 950 3050 1
974 3005 1121 3066 (mod.
1137 3006 1206 3065 η);
1247 3005 1358 3051 vide
1386 3021 1552 3066 supra.

337 3093 795 3140 Demonstrandum
826 3101 914 3149 est,
945 3093 985 3139 si
1012 3093 1122 3139 loco
1149 3109 1471 3140 numerorum
1498 3109 1538 3146 r,
1569 3109 1592 3156 ρ
1619 3091 1705 3139 alii
1733 3090 1994 3153 eligantur,
2023 3096 2148 3151 puta
2182 3094 2470 3142 8,σ,ῒ,11110

160 3184 210 3230 A
246 3191 296 3231 et
332 3183 381 3229 B
417 3183 469 3228 10
498 3182 746 3229 similibus
773 3181 946 3230 formis
994 3199 1018 3229 5
1020 3151 1129 3239 ‘'lew,
1170 3151 1303 3228 edm
1352 3180 1726 3243 comprehendi.
