2618 3450
1034 132 1360 164 COMMENTA'rio
1387 133 1606 165 SECUNDA.
2373 129 2467 177 109

171 264 265 308 tur,
305 270 343 317 p
389 269 502 299 cum
528 253 697 312 aliquo
724 268 1047 298 numerorum
1097 254 1135 307 b,
1166 270 1188 299 c
1213 263 1306 301 etc.
1359 253 1636 301 identicum
1664 268 1771 299 esse
1799 254 2005 302 debere:
2046 255 2110 304 sit
2135 273 2238 319 e.g.

2334 286 2398 305 =
2425 267 2466 312 b.

169 344 306 391 Hinc
331 358 445 389 vero
477 340 838 393 concludimus,
878 356 985 386 esse
1011 340 1089 386 vel
1125 341 1173 387 B
1195 363 1258 382 z
1280 343 1465 402 lc—{—Zz‘‚
1515 341 1593 388 vel
1631 342 1679 388 B
1702 363 1766 382 z
1790 342 1971 398 ‘lc—li,
2008 343 2039 390 i.
2066 361 2107 392 e.
2137 348 2215 394 vel
2252 278 2385 397 g:
2406 354 2470 409 A,

169 432 247 479 vel
295 430 343 477 Β
366 452 428 470 z
450 429 512 482 P,
564 434 834 488 utrumque
862 435 1036 474 contra
1061 429 1177 490 hyp.

341 518 420 564 Ex
440 518 532 563 hoc
553 516 860 563 theoremate
883 516 1112 568 alterum,
1143 517 1277 577 quod
1303 517 1543 563 resolutio
1570 517 1623 563 in
1649 516 1863 566 factores
1888 520 2074 581 primos
2101 523 2249 570 unico
2271 532 2466 574 tantum

170 609 316 654 modo
343 607 513 668 perfici
548 611 726 666 potest,
762 603 1003 650 facillime
1031 605 1308 658 derivatur,
1349 611 1400 652 et
1435 605 1637 666 quidem
1666 622 1752 667 per
1778 608 2043 655 ratiocinia
2069 610 2155 665 iis,
2196 612 2380 672 quibus
2416 615 2469 662 in

168 695 591 759 Dz'sqszitionibus
617 692 938 739 Arithmeticis
965 708 1052 752 pro
1079 693 1300 739 numeris
1328 693 1549 739 realibus
1577 694 1654 739 usi
1676 710 1848 743 sumus
1872 697 1975 760 (art.
2001 697 2095 761 16),
2124 716 2326 761 prorsus
2355 719 2472 750 ana-

170 787 305 848 loga:
346 789 648 846 quapropter
674 782 772 829 illis
800 781 880 827 hic
910 780 1165 826 immorari
1193 781 1499 842 superfluum
1529 780 1673 829 foret.

1279 963 1357 1003 38.

350 1046 703 1108 Progredimur
739 1045 839 1091 iam
875 1045 937 1090 ad
975 1035 1352 1106 congruentiam
1392 1062 1712 1093 numerorum
1750 1050 2024 1095 secundum
2072 1052 2297 1099 modulos
2338 1069 2469 1101 com-

168 1137 357 1198 plexos.
431 1135 526 1182 Sed
554 1134 605 1180 in
626 1133 800 1180 limine
821 1133 970 1179 huius
993 1132 1353 1194 disquisitionis
1376 1135 1610 1182 convenit
1630 1135 1866 1190 indicare,
1896 1140 2144 1198 quomodo
2166 1140 2288 1187 ditio
2309 1158 2470 1203 quan-

169 1226 369 1274 titatum
398 1223 771 1285 complexarum
799 1222 1008 1268 intuitui
1038 1222 1217 1268 subiici
1243 1223 1415 1284 possit.

339 1313 498 1360 Sicuti
526 1312 685 1358 omnis
714 1312 967 1372 quantitas
996 1310 1144 1357 realis
1174 1327 1260 1372 per
1287 1318 1478 1371 partem
1520 1318 1683 1357 rectae
1721 1312 1956 1373 utrinque
1982 1314 2210 1363 infinitae
2237 1318 2299 1364 ab
2325 1318 2467 1367 initio

167 1402 428 1450 arbitrario
457 1401 765 1453 sumendam,
795 1406 845 1446 et
872 1400 1151 1446 secundum
1178 1405 1491 1461 segmentum
1521 1400 1839 1446 arbitrarium
1866 1417 1955 1462 pro
1981 1403 2172 1451 unitate
2205 1413 2465 1468 acceptum

166 1490 526 1537 aestimandam
552 1488 788 1550 exprimi,
829 1488 1052 1548 adeoque
1078 1504 1168 1549 per
1194 1495 1440 1550 punctum
1468 1488 1677 1535 alterum
1699 1491 2064 1550 repraesentari
2091 1499 2278 1553 potest,
2314 1494 2385 1542 ita
2411 1503 2467 1543 ut

165 1589 354 1642 puncta
380 1580 440 1625 ab
469 1579 625 1625 altera
650 1578 782 1624 initii
808 1577 958 1639 plaga
984 1578 1296 1638 quantitates
1323 1578 1588 1639 positivam,
1630 1579 1691 1624 ab
1719 1577 1878 1624 altera
1903 1579 2156 1640 negativas
2182 1597 2468 1642 repraesen-

166 1676 295 1716 tent:
325 1669 395 1715 ita
421 1667 622 1728 quaevis
651 1666 906 1727 quantitas
930 1666 1191 1728 complexa
1217 1666 1583 1728 repraesentari
1609 1666 1792 1727 poterit
1817 1683 1907 1728 per
1928 1667 2129 1729 aliquod
2151 1677 2391 1730 punctum
2413 1672 2466 1719 in

164 1759 313 1819 plano
341 1757 562 1809 infinito,
601 1755 780 1816 inquo
817 1763 955 1801 recta
992 1756 1326 1802 determinata
1363 1756 1424 1801 ad
1460 1756 1768 1817 quantitates
1806 1756 1963 1803 reales
2002 1756 2237 1813 refertur,
2276 1760 2465 1808 scilicet

164 1847 419 1908 quantitas
447 1845 708 1906 complexa
758 1847 934 1907 oe—l—iy
984 1860 1074 1905 per
1100 1854 1360 1906 punctum,
1392 1845 1533 1891 cuius
1561 1845 1780 1891 abscissa
1829 1866 1892 1885 --:
1917 1861 1974 1898 oe,
2030 1847 2260 1893 ordinata
2288 1848 2365 1910 (ab
2392 1850 2463 1896 al-

166 1947 271 1984 tera
296 1938 457 1983 lineae
484 1936 812 1982 abscissarum
844 1934 991 1996 plaga
1012 1935 1239 1996 positive,
1270 1936 1331 1981 ab
1354 1935 1510 1981 altera
1531 1935 1761 1996 negative
1784 1932 1964 2000 sumta)
2003 1953 2132 1999 :ff
2185 1936 2297 1984 Hoc
2317 1946 2463 1999 pacto

165 2027 261 2072 dici
283 2032 463 2087 potest,
493 2024 771 2085 quamlibet
792 2024 1126 2084 quantitatem
1153 2023 1467 2085 complexam
1495 2039 1783 2069 mensurare
1808 2023 2220 2084 inaequalitatem
2245 2026 2375 2073 inter
2402 2027 2466 2073 si-

164 2125 270 2163 tum
299 2115 473 2177 puncti
501 2114 562 2160 ad
590 2114 724 2173 quod
750 2111 964 2159 refertur
991 2122 1141 2174 atque
1170 2114 1322 2160 situm
1350 2114 1525 2174 puncti
1552 2113 1789 2167 initialis,
1820 2114 2087 2160 denotante
2116 2114 2307 2161 unitate
2333 2117 2467 2177 posi-

165 2205 265 2252 tiva
291 2204 540 2250 deflexum
568 2202 889 2248 arbitrarium
919 2203 1305 2250 determinatum
1335 2219 1504 2249 versus
1534 2202 1858 2249 directionem
1888 2202 2198 2249 arbitrariam
2233 2204 2468 2250 determi-

165 2301 356 2349 natam;
390 2292 582 2338 unitate
611 2291 842 2352 negativa
869 2291 1120 2337 deflexum
1148 2308 1306 2352 aeque
1335 2308 1571 2353 magnum
1599 2306 1768 2338 versus
1805 2290 2130 2337 directionem
2159 2292 2461 2353 oppositam;

165 2381 381 2441 denique
412 2380 686 2426 unitatibus
714 2378 1020 2440 imaginariis
1049 2380 1272 2427 deflexus
1300 2396 1457 2441 aeque
1485 2396 1690 2442 magnos
1718 2395 1888 2426 versus
1916 2380 2040 2425 duas
2067 2380 2367 2427 directiones
2394 2382 2465 2428 la-

166 2470 344 2521 terales
371 2468 633 2515 normales.

337 2558 448 2604 Hoc
476 2557 621 2602 modo
649 2556 988 2619 metaphysica
1014 2559 1383 2619 quantitatum,
1425 2574 1547 2619 quas
1574 2558 1894 2619 imaginarias
1923 2557 2159 2612 dicimus,
2199 2559 2464 2621 insigniter

164 2648 458 2695 illustratur.
536 2646 588 2692 Si
615 2652 859 2707 punctum
888 2646 1083 2693 initiale
1110 2663 1200 2708 per
1237 2647 1299 2710 (0)
1333 2648 1619 2698 denotatur,
1667 2653 1815 2706 atque
1840 2647 1967 2692 duae
1996 2647 2302 2706 quantitates
2330 2664 2461 2694 com—

165 2737 339 2797 plexae
374 2751 431 2787 m,
460 2731 513 2780 πί
550 2735 613 2780 ad
638 2741 828 2795 puncta
875 2735 945 2789 M,
977 2734 1051 2780 M'
1088 2734 1388 2791 referuntur,
1432 2751 1643 2796 quorum
1671 2735 1821 2781 situm
1859 2735 2062 2781 relative
2097 2736 2159 2780 ad
2198 2736 2257 2797 (0)
2298 2737 2461 2796 expri-

166 2834 323 2877 munt,
353 2823 634 2870 differentia
671 2821 855 2869 m--m'
892 2824 1020 2870 nihil
1041 2824 1177 2870 aliud
1199 2824 1292 2871 erit
1312 2824 1410 2869 nisi
1436 2824 1561 2870 situs
1589 2824 1764 2884 puncti
1801 2824 1868 2869 M
1897 2823 2101 2869 relative
2131 2824 2191 2869 ad
2222 2831 2461 2884 punctum

163 2912 254 2959 M':
295 2919 482 2964 contra,
511 2912 754 2972 producto
792 2911 900 2957 mm'
937 2919 1344 2973 repraesentante
1371 2912 1521 2958 situm
1549 2912 1722 2972 puncti
1762 2911 1820 2970 N
1852 2910 2057 2957 relative
2084 2910 2146 2955 ad
2186 2910 2269 2973 (0),
2316 2910 2460 2958 facile

164 2999 446 3061 perspicies,
474 2999 610 3045 hunc
636 2998 787 3046 situm
814 3000 1021 3061 perinde
1049 3001 1369 3048 determinari
1407 3016 1492 3061 per
1529 3001 1680 3046 situm
1720 2998 1892 3060 puncti
1931 2998 1996 3042 M
2026 2998 2087 3043 ad
2126 2998 2214 3060 (Ο),
2246 3006 2299 3045 ut
2336 3000 2459 3046 situs

164 3089 339 3150 puncti
389 3086 466 3134 Μ’
512 3087 873 3134 determinatur
911 3105 998 3150 per
1035 3090 1187 3137 situm
1225 3088 1400 3150 puncti
1438 3088 1516 3134 cui
1552 3088 1820 3149 respondet
1846 3085 2008 3131 unitas
2036 3084 2268 3145 positiva,
2310 3086 2379 3133 ita
2406 3094 2460 3134 ut

164 3178 298 3223 haud
325 3178 495 3238 inepte
522 3176 679 3229 dicaS‚
721 3177 845 3223 situs
874 3190 1171 3238 punctorum
1203 3178 1611 3239 respondentium
1641 3175 2008 3237 quantitatibus
2037 3175 2308 3235 complexis
2355 3176 2460 3223 mm'
