2618 3450
747 135 809 165 DE
833 135 958 166 NEXU
983 136 1119 166 INTER
1142 136 1495 168 MULTITUDINEM
1520 137 1739 169 OLASSIUM
1764 138 1861 169 ETc.
2364 128 2464 177 27].

153 253 251 301 Per
275 253 405 301 hanc
438 253 704 303 formulam
732 265 874 304 eruta
899 264 974 304 est
1000 257 1273 305 multitudo

605 363 649 410 A
963 363 967 436 ξ
1083 365 1132 412 A
1634 366 1683 412 A

595 491 688 530 100
823 490 915 530 317
964 470 965 532 3
1060 488 1189 528 1000
1324 491 1454 530 3149
1597 490 1759 531 10000
1892 490 2058 531 31417

593 576 688 616 200
823 577 918 617 633
964 563 965 628 ξ
1057 576 1187 615 2000
1323 578 1454 618 6293
1594 577 1759 618 20000
1893 577 2059 618 62345

594 664 688 704 300
822 664 917 703 949
964 641 966 719 ἰ
1058 664 1188 704 3000
1323 664 1454 705 9425
1594 666 1759 705 30000
1891 665 2056 706 94237

592 752 688 791 400
791 751 915 790 1257
963 721 966 821 l
1055 751 1187 791 4000
1290 753 1447 793 12531
1590 753 1758 793 40000
1860 754 2058 794 125629

593 842 687 880 500
792 838 913 878 1531
963 823 965 853 ÷
1057 839 1187 879 5000
1291 841 1453 880 15705
1594 842 1758 881 50000
1859 841 2057 882 157093

593 929 688 969 600
790 928 916 969 1335
963 911 975 974 Q
1057 927 1187 966 6000
1289 927 1451 968 13353
1499 911 1501 933 ²
1592 929 1757 968 60000
1859 929 2053 970 133453

592 1018 688 1056 700
788 996 964 1081 2209ss
1055 1014 1186 1053 7000
1287 1015 1510 1064 219932.
1590 1018 1756 1057 70000
1856 1018 2051 1058 219901

592 1105 688 1145 300
786 1105 912 1144 2521
962 1086 964 1166 ᾗ
1056 1105 1185 1145 3000
1287 1102 1448 1142 25137
1591 1105 1755 1145 30000
1856 1107 2058 1148 251305

592 1193 687 1232 900
787 1193 910 1233 2321
961 1169 965 1238 ὲ
1055 1192 1186 1232 9000
1288 1192 1452 1232 23269
1497 1187 1511 1325 Η
1589 1193 1755 1233 90000
1856 1194 2054 1236 232697

560 1282 687 1321 1000
735 1240 739 1329 l
787 1280 916 1319 3149
963 1239 965 1304 l
1023 1282 1186 1321 10000
1287 1279 1449 1320 31417
1559 1281 1755 1320 100000
1856 1282 2055 1324 314197

1289 1418 1331 1457 4.

333 1503 416 1549 Ad
441 1501 755 1564 propositum
783 1506 1010 1547 nostrum
1037 1515 1137 1545 non
1164 1499 1439 1560 requiritur
1465 1497 1813 1545 determinatio
1846 1505 2045 1554 exacta,
2085 1501 2171 1548 sed
2197 1502 2364 1563 potius
2389 1503 2468 1551 in-

162 1590 363 1653 dagatio
390 1589 749 1652 expressionis,
790 1604 919 1649 quae
945 1589 1007 1634 ad
1033 1587 1415 1635 multitudinem
1451 1591 1679 1633 exactam
1718 1601 1869 1647 quam
1905 1603 2059 1649 prope
2084 1588 2206 1635 velis
2232 1591 2465 1639 accedere

159 1685 347 1741 potest,
387 1678 507 1725 dum
534 1678 720 1725 limites
745 1677 797 1723 in
822 1675 1078 1722 infinitum
1106 1674 1429 1736 ampliantur.
1505 1674 1604 1720 Sed
1631 1679 1748 1721 ante
1769 1674 1937 1721 omnia
1956 1691 2112 1736 quum
2133 1677 2254 1724 haec
2275 1678 2465 1740 aliquid

160 1767 278 1830 vagi
301 1766 582 1820 involvant,
622 1782 726 1813 rem
755 1765 979 1812 exactius
1007 1763 1260 1825 explicare
1288 1769 1497 1824 oportet.

337 1856 687 1919 Supponemus
714 1855 898 1915 itaque,
927 1853 1213 1901 functiones
1250 1854 1312 1908 P,
1344 1854 1400 1908 Q,
1424 1853 1474 1900 R
1499 1859 1592 1900 etc.
1631 1858 1830 1914 praeter
1854 1854 2117 1902 variabiles
2154 1871 2203 1912 σε,
2223 1873 2261 1919 y
2296 1856 2465 1919 impli-

164 1961 275 1993 care
302 1945 610 1992 elementum
635 1949 870 1990 constans
908 1943 954 1997 lc,
994 1943 1065 1989 ita
1086 1949 1141 1990 ut
1162 1942 1389 2004 singulae
1428 1941 1491 1996 P,
1523 1941 1579 1996 Q,
1601 1940 1651 1986 R
1669 1946 1762 1988 etc.
1803 1941 1902 1988 sint
1922 1940 2207 1990 functiones
2227 1943 2465 2006 homoge-

164 2049 287 2080 neae
309 2033 460 2080 trium
481 2032 819 2092 quantitatum
845 2046 891 2083 oe,
908 2047 958 2092 y,
983 2031 1030 2077 lc.
1105 2031 1217 2076 Hoc
1239 2037 1384 2091 pacto
1404 2030 1563 2091 figura
1582 2045 1670 2090 per
1690 2029 2013 2089 aequationes
2053 2030 2179 2076 P:
2200 2038 2244 2083 0,
2279 2032 2398 2086 Q:
2416 2039 2460 2088 0,

149 2121 199 2166 R
222 2142 288 2161 -—..
312 2127 336 2166 0
361 2125 451 2166 etc.
505 2119 839 2166 determinata
865 2118 1103 2179 pendebit
1130 2135 1158 2163 a
1194 2118 1251 2170 lc,
1304 2118 1376 2163 ita
1404 2124 1460 2164 ut
1485 2116 1735 2163 valoribus
1763 2117 1972 2164 diversis
1998 2118 2153 2179 ipsius
2189 2119 2222 2166 lc
2257 2136 2461 2181 respon-

155 2210 312 2255 deant
335 2208 522 2270 figurae
551 2207 737 2254 similes
764 2214 813 2253 et
838 2213 1067 2267 respectu
1094 2206 1222 2252 initii
1251 2206 1654 2252 coordinatarum
1683 2205 1912 2253 similiter
1945 2207 2152 2268 positae,
2194 2208 2462 2255 dimensio-

153 2312 347 2358 nesque
372 2296 585 2342 lineares
612 2296 798 2342 similes
826 2295 1077 2341 valoribus
1100 2294 1259 2355 ipsius
1298 2294 1343 2347 lc,
1383 2310 1530 2340 areae
1550 2293 1801 2339 valoribus
1822 2294 1979 2355 ipsius
2017 2295 2090 2342 kk
2114 2297 2462 2358 proportiona-

146 2386 218 2433 les
246 2393 407 2432 erunt.
466 2384 748 2430 Denotetur
768 2384 865 2430 iam
888 2384 1162 2430 multitudo
1183 2390 1485 2444 punctorum
1508 2382 1642 2428 intra
1660 2382 1871 2443 figuram
1899 2400 1990 2444 per
2028 2383 2100 2438 M
2141 2400 2254 2431 area
2274 2401 2362 2446 per
2398 2386 2455 2440 V,

147 2472 387 2537 patetque
425 2473 485 2519 M
520 2480 570 2519 et
614 2472 669 2524 V,
711 2479 966 2518 crescente
1002 2472 1047 2523 lc,
1089 2487 1310 2517 crescere
1339 2471 1542 2527 debere;
1585 2477 1840 2517 crescente
1867 2487 1983 2517 vero
2034 2472 2066 2518 k
2113 2472 2164 2518 in
2190 2472 2455 2527 infinitum,

148 2562 216 2609 M
233 2571 284 2609 et
318 2561 369 2609 V
399 2561 462 2607 ad
489 2560 732 2607 rationem
761 2559 1079 2620 aequalitatis
1108 2575 1259 2619 quam
1289 2558 1515 2619 proxime
1541 2557 1664 2604 velis
1691 2559 1954 2613 accedent,
1996 2560 2075 2606 vel
2112 2560 2152 2606 si
2186 2560 2457 2608 elementa-

149 2665 258 2696 rem
283 2648 562 2695 claritatem
589 2647 827 2709 postulas,
869 2647 1122 2708 proposita
1149 2646 1433 2707 quantitate
1462 2645 1784 2706 quantumvis
1811 2662 1962 2707 parva
2000 2646 2039 2699 λ,
2080 2663 2276 2709 semper
2302 2648 2456 2710 assig-

148 2737 260 2784 nari
285 2736 473 2798 poterit
499 2736 742 2782 terminus
768 2734 906 2788 talis,
949 2741 1005 2781 ut
1031 2750 1120 2796 pro
1160 2735 1388 2795 quolibet
1424 2734 1592 2781 valore
1628 2733 1784 2794 ipsius
1833 2733 1865 2779 lc
1915 2734 2051 2781 hunc
2077 2735 2345 2781 terminum
2374 2751 2456 2781 su-

148 2829 359 2885 perante
386 2829 520 2869 certo
556 2802 607 2896 31}
640 2824 800 2869 iacere
829 2824 1009 2870 debeat
1034 2824 1166 2871 inter
1213 2824 1340 2869 1--λ
1377 2829 1426 2871 et
1469 2823 1614 2882 1-1Γ-λ.
1706 2823 1992 2869 Secundum
2035 2838 2220 2869 morem
2257 2829 2453 2870 suetum

150 2911 245 2958 hoc
270 2913 341 2957 ita
366 2910 590 2957 indicare
616 2911 757 2958 licet:
794 2911 901 2957 fieri
938 2911 998 2957 M
1018 2933 1082 2952 =
1117 2912 1166 2958 V
1205 2928 1294 2973 pro
1324 2912 1490 2959 valore
1515 2911 1710 2958 infinito
1735 2910 1893 2971 ipsius
1931 2910 1975 2956 lc.

321 2998 384 3044 In
415 2999 646 3060 exemplo
672 3005 838 3045 nostro
859 2999 1075 3046 conditio
1107 3000 1352 3060 requisita
1372 3000 1539 3046 locum
1559 3005 1723 3050 tenet.
1763 2998 2026 3045 statuendo
2063 2998 2096 3043 lc
2116 3018 2180 3038 τ-
2205 2992 2301 3060 χΙΑ,
2342 3014 2455 3045 cur-

150 3103 311 3148 vaque
336 3088 395 3134 fit
421 3087 663 3141 circulus,
704 3088 846 3133 cuius
881 3104 995 3134 area
1040 3090 1237 3141 ΞπΑ,
1288 3089 1557 3135 denotante
1593 3105 1627 3133 π
1665 3083 2243 3133 semicircumferentiam
2281 3086 2454 3133 circuli

152 3191 242 3237 pro
270 3175 409 3222 radio
453 3197 517 3217 =
545 3184 585 3223 1.
659 3175 870 3222 Numeri
895 3192 1046 3236 supra
1070 3175 1243 3222 traditi
1271 3176 1677 3238 convergentiam
1703 3172 1991 3221 luculenter
2017 3172 2313 3234 addigitant.
