2618 3450
220 184 283 230 50
515 192 830 227 THEOREMATIS
854 187 1234 221 FUNDAMENTALIS
1262 187 1307 217 IN
1334 186 1563 217 Doo'rmNA
1588 185 1649 215 DE
1675 183 1877 216 REsmms
1902 183 2202 222 QUADRATmis

221 321 504 366 absolutum
538 315 693 362 videri
726 313 901 375 possit,
953 318 1119 357 tamen
1155 309 1318 353 denuo
1353 306 1415 351 ad
1448 305 1581 351 idem
1618 311 1969 367 argumentum
2004 311 2243 359 revertor,
2290 306 2515 366 duasque

219 409 339 454 alias
368 402 814 451 demonstrationes
842 399 1073 458 adiungo,
1104 411 1230 456 quae
1257 411 1436 440 novam
1464 401 1597 440 certe
1623 394 1784 439 lucem
1811 393 1927 438 huic
1946 393 2016 438 rei
2039 392 2316 440 affundent.
2377 394 2518 440 Prior

220 496 419 556 quidem
458 492 630 538 tertiae
668 486 1032 549 quodammodo
1071 484 1228 530 affinis
1266 489 1364 535 est,
1404 479 1538 541 quod
1575 482 1636 527 ab
1676 482 1851 528 eodem
1893 481 2126 528 lemmate
2164 481 2514 542 proficiscitur;

222 591 392 644 postea
418 596 530 626 vero
558 579 650 624 iter
677 577 925 622 diversum
952 571 1291 634 prosequitur,
1333 570 1403 615 ita
1429 575 1485 614 ut
1511 569 1688 615 merito
1716 585 1803 629 pro
1831 569 2252 615 demonstratione
2280 584 2407 615 nova
2432 569 2520 616 ha—

221 671 325 717 beri
353 669 527 730 possit.
565 682 689 727 quae
717 662 1055 709 concinnitate
1082 661 1190 720 ipsa
1216 658 1303 704 illa
1331 657 1479 703 tertia
1506 657 1545 702 si
1573 673 1672 702 non
1702 656 1926 716 superior
1953 656 2129 703 saltem
2155 656 2291 701 haud
2316 654 2520 702 inferior

223 758 483 804 videbitur.
582 755 765 800 Contra
804 747 1162 796 demonstratio
1200 752 1340 792 sexta
1373 744 1622 805 principio
1658 744 1805 805 plane
1838 744 2033 790 diverso
2068 743 2318 790 subtiliori
2349 743 2521 789 innixa

223 854 295 893 est
324 857 605 902 novumque
633 840 763 885 sistit
790 836 1074 897 exemplum
1111 833 1325 880 mirandi
1361 847 1518 877 nexus
1553 831 1683 878 inter
1715 832 1947 878 veritates
1985 831 2324 878 arithmeticas
2361 832 2520 893 primo

223 941 426 994 aspectu
453 929 737 990 longissime
765 928 825 972 ab
852 925 1066 971 invicem
1094 929 1319 968 remotas.
1404 920 1613 965 Duabus
1642 920 1776 966 hisce
1804 920 2316 967 demonstrationibus
2343 921 2522 967 adiun-

221 1023 354 1082 gitur
380 1017 708 1079 algorithmus
736 1029 892 1058 novus
920 1010 1224 1072 persimplex
1251 1009 1312 1055 ad
1341 1008 1736 1060 diiudicandum,
1767 1015 1934 1054 utrum
1958 1024 2195 1054 numerus
2216 1009 2409 1071 integer
2437 1010 2521 1055 da—

224 1118 317 1160 tus,
349 1104 542 1152 numeri
568 1101 715 1164 primi
742 1100 846 1147 dati
873 1099 1128 1145 residuum
1156 1096 1504 1158 quadratio-um
1532 1095 1595 1143 sit
1620 1112 1681 1142 an
1709 1097 2105 1143 non-residuum.

397 1282 509 1328 Alia
536 1281 699 1326 adhuc
726 1277 868 1324 affuit
893 1275 1044 1329 ratio,
1073 1291 1201 1336 quae
1229 1280 1284 1321 ut
1310 1289 1461 1320 novas
1490 1274 1967 1328 demonstrationes,
2007 1290 2184 1321 novem
2212 1274 2309 1320 iam
2338 1275 2520 1320 abhinc

224 1387 378 1418 annos
406 1370 692 1431 promissas,
723 1382 858 1412 nunc
884 1364 1197 1426 potissimum
1226 1363 1619 1424 promulgarem,
1649 1361 1825 1408 effecit.
1903 1362 2104 1409 Scilicet
2131 1379 2287 1423 quum
2314 1362 2431 1409 inde
2459 1364 2520 1409 ab

225 1475 353 1506 anno
388 1464 511 1503 1805
542 1455 781 1503 theoriam
808 1453 1122 1499 residuorum
1151 1451 1439 1497 cubicorum
1468 1457 1620 1511 atque
1647 1451 2133 1511 biquadraticorum‚
2170 1457 2521 1513 argumentum

224 1548 368 1607 longe
395 1543 660 1595 difficilius,
690 1539 989 1602 perscrutari
1018 1539 1310 1599 coepissem,
1341 1538 1553 1584 similem
1580 1536 1683 1584 fere
1709 1537 1988 1592 fortunam,
2021 1555 2077 1584 ac
2103 1539 2222 1585 olim
2249 1539 2302 1584 in
2330 1540 2521 1586 theoria

224 1635 532 1680 residuorum
561 1629 978 1692 quadraticorum,
1008 1634 1242 1688 expertus
1271 1643 1395 1673 sum.
1453 1627 1689 1673 Protinus
1717 1627 1921 1687 quidem
1950 1627 2260 1674 theoremata
2286 1643 2363 1681 ea,
2394 1644 2521 1688 quae

223 1723 310 1768 has
338 1721 652 1782 quaestiones
679 1732 879 1779 prorsus
907 1716 1225 1769 exhauriunt,
1255 1723 1304 1762 et
1324 1715 1376 1761 in
1397 1715 1579 1776 quibus
1601 1715 1726 1761 mira
1746 1714 1975 1777 analogia
1996 1731 2108 1761 cum
2130 1716 2521 1763 theorematibus

224 1813 285 1858 ad
306 1811 503 1857 residua
524 1807 812 1869 quadratica
833 1805 1202 1867 pertinentibus
1224 1804 1423 1858 eminet,
1446 1820 1533 1864 per
1553 1803 1897 1851 inductionem
1919 1804 2114 1850 detecta
2128 1802 2349 1858 fuerunt,
2373 1820 2522 1865 quam

222 1900 437 1959 primum
454 1898 532 1944 via
549 1897 728 1942 idonea
749 1894 974 1955 quaesita
995 1903 1183 1940 essent:
1208 1908 1379 1938 omnes
1402 1908 1514 1939 vero
1531 1900 1751 1946 conatus,
1774 1893 1997 1954 ipsorum
2015 1893 2522 1940 demonstrationibus

225 2005 284 2033 ex
312 1987 445 2032 omni
474 1993 610 2047 parte
632 1982 860 2045 perfectis
880 1981 1127 2043 potiundi,
1158 1997 1243 2042 per
1260 1980 1467 2042 longum
1488 1987 1685 2042 tempus
1702 1981 1832 2028 irriti
1853 1987 2159 2028 manserunt.
2226 1981 2337 2027 Hoc
2357 1981 2522 2043 ipsum

223 2076 607 2121 incitamentum
643 2078 768 2127 erat,
816 2077 872 2117 ut
907 2069 1414 2116 demonstrationibus
1448 2069 1546 2116 iam
1585 2070 1798 2132 cognitis
1836 2070 1967 2116 circa
2002 2070 2199 2116 residua
2235 2071 2525 2131 quadratica

224 2163 344 2209 alias
371 2162 593 2222 aliasque
621 2161 801 2206 addere
829 2165 1088 2219 tantopere
1116 2158 1395 2211 studerem,
1439 2173 1525 2219 spe
1551 2156 1735 2211 fultus,
1777 2165 1833 2205 ut
1869 2174 1931 2204 ex
1965 2158 2137 2205 multis
2174 2159 2421 2205 methodis
2449 2159 2524 2205 di—

224 2252 376 2298 versis
404 2267 501 2297 una
528 2249 604 2296 vel
630 2249 784 2296 altera
809 2248 872 2294 ad
899 2246 1254 2293 illustrandum
1282 2253 1634 2307 argumentum
1671 2247 1815 2293 affine
1852 2246 2045 2307 aliquid
2081 2244 2303 2292 conferre
2339 2255 2518 2308 posset.

227 2341 367 2390 Quae
395 2354 506 2399 spes
533 2337 826 2396 neutiquam
853 2351 978 2381 vana
1002 2333 1123 2387 fuit,
1165 2334 1487 2394 laboremque
1526 2333 1834 2382 indefessum
1874 2336 2079 2383 tandem
2117 2351 2374 2382 successus
2411 2352 2524 2397 pro-

228 2427 357 2489 speri
386 2426 584 2486 sequuti
610 2430 739 2471 sunt.
816 2425 935 2470 Mox
962 2421 1244 2484 vigiliarum
1270 2419 1462 2468 fructus
1489 2422 1541 2467 in
1568 2423 1822 2484 publicam
1850 2423 2014 2470 lucem
2043 2424 2188 2470 edere
2213 2423 2405 2471 licebit:
2437 2426 2523 2471 sed

228 2524 495 2576 antequam
523 2515 733 2561 arduum
760 2514 852 2559 hoc
878 2528 999 2574 opus
1027 2510 1304 2573 aggrediar,
1335 2511 1487 2556 semel
1514 2512 1677 2558 adhuc
1703 2513 1765 2559 ad
1793 2513 2033 2559 theoriam
2061 2512 2372 2559 residuorum
2402 2529 2523 2573 qua-

229 2603 531 2650 draticorum
556 2602 755 2655 reverti,
790 2600 957 2646 omnia
983 2615 1111 2660 quae
1138 2600 1199 2644 de
1228 2599 1400 2644 eadem
1428 2599 1592 2645 adhuc
1618 2607 1891 2662 supersunt
1917 2601 2110 2663 agenda
2136 2600 2411 2655 absolvere,
2450 2608 2523 2648 at-

230 2708 324 2752 que
352 2692 420 2737 sic
447 2691 563 2737 huic
590 2690 931 2737 arithmeticae
959 2688 1259 2734 sublimioris
1288 2687 1417 2748 parti
1445 2690 1586 2749 quasi
1613 2689 1890 2737 valedicere
1918 2689 2169 2736 constitui.
