2618 3450
1032 136 1360 169 COMMENTATIO
1386 137 1604 169 SECUNDA.
2381 132 2403 176 1
2416 132 2441 177 3
2456 131 2473 174 l

180 260 277 307 Sed
304 258 384 304 hic
409 271 608 318 quoque
633 260 868 317 praestat,
909 254 1017 303 loco
1046 258 1220 306 tertiae
1247 259 1417 306 classis
1442 259 1585 306 binas
1614 259 1850 314 stabilire,
1885 268 1940 307 ut
1967 261 2172 308 omnino
2197 262 2474 313 habeantur

180 354 467 410 quaternae.

350 436 592 481 Assumta
618 431 783 479 radice
819 448 1121 493 quacunque
1157 434 1411 495 primitiva
1437 450 1525 496 pro
1557 435 1688 486 basi,
1730 436 1929 483 residua
1955 437 2298 499 biquadratica
2323 442 2476 489 habe-

179 525 309 571 bunt
334 523 522 569 indices
549 538 638 584 per
677 529 701 566 4
745 520 1016 567 divisibiles
1045 521 1147 567 sive
1183 521 1372 569 formae
1420 530 1510 580 4ης
1562 525 1891 572 non-residua
1916 542 1999 580 ea,
2040 543 2167 588 quae
2205 535 2321 577 sunt
2357 531 2476 577 resi-

180 613 278 659 dua
304 611 608 673 quadratica,
647 610 908 655 habebunt
933 609 1123 656 indices
1150 609 1337 657 formae
1379 616 1584 670 4oz÷23
1635 613 1852 675 denique
1888 617 2327 664 non-residuorum
2355 635 2476 680 qua-

180 700 481 748 draticorum
509 698 697 745 indices
725 703 873 744 erunt
899 697 1079 758 partim
1117 696 1303 744 formae
1354 702 1548 757 422-4-1,
1600 701 1777 761 partim
1815 701 2002 750 formae
2064 709 2208 764 472—1—
2228 712 2269 753 3.
2365 707 2477 754 Hoc

179 789 326 835 modo
354 787 535 833 classes
557 792 830 847 quaternae
858 785 1059 846 quidem
1088 786 1337 837 oriuntur,
1368 793 1419 834 at
1445 788 1701 834 distinctio
1728 790 1859 838 inter
1885 792 2027 838 binas
2054 794 2348 854 posteriores
2376 812 2474 842 non

180 884 311 924 esset
336 876 591 929 absoluta,
632 875 716 920 sed
754 874 816 919 ab
853 873 1097 920 electione
1122 875 1302 920 radicis
1330 876 1609 936 primitivae
1636 894 1724 939 pro
1752 879 1859 925 basi
1886 886 2134 928 assumtae
2161 883 2471 945 dependens3

180 965 325 1011 facile
352 964 484 1010 enim
513 962 835 1025 perspicitur,
877 962 1130 1008 semissem
1173 963 1395 1010 radicum
1425 964 1785 1025 primitivarum
1825 970 2151 1016 non-residuo
2188 973 2476 1032 quadratico

180 1055 296 1100 dato
336 1051 601 1099 conciliare
639 1051 855 1096 indicem
891 1048 1080 1097 formae
1132 1055 1304 1108 ain-{4
1330 1089 1338 1105 ,
1392 1053 1644 1099 semissem
1673 1054 1879 1103 alteram
1905 1073 2018 1104 vero
2045 1058 2259 1106 indicem
2285 1060 2473 1108 formae

183 1146 391 1201 4η-ἦ-3,
486 1140 648 1192 Quam
687 1138 1062 1201 ambiguitatem
1090 1145 1145 1184 ut
1173 1138 1432 1193 tollamus,
1473 1156 1810 1202 supponemus
1850 1160 2043 1206 semper
2078 1147 2223 1194 talem
2259 1150 2475 1196 radicem

181 1231 483 1293 primitivam
512 1229 760 1290 adoptari,
801 1243 890 1289 pro
930 1243 1030 1288 qua
1054 1226 1207 1273 index
1258 1226 1487 1292 *Hp—1)
1536 1238 1787 1291 competat
1823 1249 2033 1280 numero
2071 1239 2164 1294 -μί
2201 1237 2344 1299 (conf.
2384 1247 2472 1287 art.

186 1326 261 1371 55,
279 1319 394 1381 VI).
468 1318 580 1363 Hoc
607 1324 753 1379 pacto
779 1315 1092 1362 classificatio
1119 1315 1290 1370 oritur,
1321 1331 1469 1376 quam
1499 1318 1793 1367 concinnius
1821 1321 2220 1383 independenter
2245 1343 2273 1372 a
2300 1328 2477 1374 radici-

181 1409 274 1455 bus
301 1407 565 1469 primitivis
592 1407 661 1453 ita
688 1404 956 1452 enunciare
983 1420 1264 1466 possumus.

353 1495 535 1542 Classis
553 1496 711 1558 prima
738 1493 989 1541 contineat
1015 1508 1248 1539 numeros
1287 1493 1319 1540 k
1355 1510 1452 1549 eos,
1493 1512 1581 1557 pro
1609 1498 1792 1558 quibus
1818 1499 1874 1545 fit
1910 1476 2104 1546 kap—¹)
2123 1515 2189 1549 Ξ
2218 1509 2231 1547 1
2256 1521 2265 1557 ς
2307 1502 2359 1548 hi
2385 1520 2479 1550 nu-

183 1587 306 1634 meri
333 1591 449 1632 sunt
474 1583 662 1630 moduli
688 1583 887 1630 residua
906 1582 1265 1643 biquadratica.

356 1673 539 1721 Classis
564 1672 767 1720 secunda
794 1669 1049 1719 contineat
1075 1688 1187 1727 eOS,
1230 1689 1317 1734 pro
1345 1673 1527 1734 quibus
1574 1653 1767 1721 kap—¹)
1788 1690 1854 1723 Ξ
1875 1678 1906 1722 i,

356 1762 540 1809 Classis
570 1765 707 1810 tertia
733 1778 838 1819 eos,
879 1777 967 1823 pro
995 1761 1178 1822 quibus
1228 1739 1422 1808 kap—¹)
1443 1777 1509 1810 Ξ
1534 1771 1619 1809 -1

357 1851 540 1899 Classis
568 1858 736 1914 quarta
763 1851 978 1912 denique
1006 1867 1112 1906 eos,
1152 1867 1242 1913 pro
1271 1852 1452 1913 quibus
1504 1830 1691 1899 k÷(⁷'*¹)
1712 1866 1777 1899 Ξ
1797 1854 1902 1899 -ιζ

355 1941 538 1988 Classis
566 1941 714 1988 tertia
739 1940 1127 2002 comprehendet
1152 1941 1480 1988 non-residua
1507 1939 1849 2002 biquadratica
1876 1956 1947 1994 ea,
1989 1956 2115 2001 quae
2143 1950 2261 1989 sunt
2281 1941 2479 1989 residua

183 2030 498 2092 quadratica;
540 2030 669 2076 inter
696 2029 967 2076 secundam
995 2035 1046 2077 et
1071 2035 1302 2091 quartam
1328 2030 1659 2078 non-residua
1684 2029 1975 2090 quadratica
2001 2026 2265 2077 distributa
2291 2038 2452 2078 erunt.

353 2118 588 2165 Numeris
614 2118 791 2164 harum
819 2117 1051 2165 classium
1081 2120 1360 2167 tribuemus
1387 2136 1516 2183 resp.
1543 2120 1833 2166 characteres
1851 2118 2197 2182 biquadraticos
2227 2126 2268 2173 Ο,
2299 2127 2337 2172 1,
2365 2126 2407 2173 2,
2435 2126 2477 2167 3.

182 2209 234 2257 Si
261 2209 595 2256 characterem
633 2207 658 2252 λ
696 2207 892 2254 numeri
938 2208 971 2255 lc
1008 2209 1282 2255 secundum
1315 2209 1572 2256 modulum
1621 2224 1665 2254 m
1712 2208 1781 2254 ita
1807 2207 2097 2260 definimus,
2137 2216 2192 2255 ut
2230 2208 2294 2255 sit
2330 2224 2480 2271 expo-

183 2314 307 2346 nens
334 2297 440 2344 eius
466 2296 728 2358 potestatis
754 2296 909 2358 ipsius
946 2298 984 2351 i,
1025 2297 1106 2343 cui
1133 2313 1371 2344 numerus
1419 2277 1610 2345 kap—¹)
1660 2312 1907 2358 congruus
1935 2304 2033 2349 est,
2075 2295 2338 2344 manifesto
2367 2298 2480 2343 cha-

182 2393 396 2435 racteres
425 2386 700 2432 secundum
729 2385 987 2432 modulum
1029 2392 1054 2431 4
1097 2386 1304 2447 congrui
1330 2402 1421 2449 pro
1448 2385 1882 2447 aequivalentibus
1910 2385 2127 2432 habendi
2149 2393 2279 2432 sunt.
2338 2385 2479 2433 Cete—

181 2492 293 2523 rum
319 2475 441 2521 haec
461 2473 599 2521 notio
628 2474 873 2536 tantisper
899 2474 961 2520 ad
987 2473 1214 2520 modulos
1237 2490 1319 2521 eos
1341 2474 1598 2531 limitatur,
1629 2474 1715 2535 qui
1737 2481 1853 2520 sunt
1872 2473 2067 2520 numeri
2091 2474 2256 2535 primi:
2287 2474 2337 2519 in
2366 2490 2479 2520 con—

183 2563 462 2612 tinuatione
489 2562 667 2609 harum
694 2562 1103 2624 disquisitionum
1131 2564 1476 2618 ostendemus,
1507 2563 1758 2624 quomodo
1782 2562 1931 2609 etiam
1954 2561 2167 2608 modulis
2196 2563 2478 2623 compositis

183 2652 407 2714 adaptari
435 2651 602 2713 possit,

1299 2834 1377 2876 62.

357 2917 471 2967 Quo
491 2913 690 2961 facilius
710 2913 934 2962 inductio
955 2916 1153 2978 copiosa
1172 2916 1302 2963 circa
1323 2931 1644 2963 numerorum
1668 2914 1977 2961 characteres
1998 2911 2186 2958 adstrui
2207 2911 2375 2972 possit,
2406 2920 2478 2957 ta-

182 3005 354 3052 bulam
376 3002 781 3065 compendiosam
801 3002 884 3049 hic
905 3004 1241 3067 adiungimus,
1265 3004 1407 3050 cuius
1429 3003 1616 3050 auxilio
1637 3003 1891 3049 character
1912 2998 2129 3045 cuiusvis
2151 2998 2344 3044 numeri
2366 3014 2478 3059 pro-

184 3092 332 3157 positi
368 3097 601 3153 respectu
636 3090 852 3146 moduli,
894 3093 1034 3140 cuius
1071 3110 1246 3141 norma
1282 3092 1497 3139 valorem
1545 3100 1557 3137 1
1577 3100 1636 3137 57
1678 3106 1777 3137 non
1807 3085 2165 3139 transscendit,
2206 3085 2301 3132 levi
2329 3101 2479 3148 opera

185 3180 466 3234 obtinetur,
508 3179 777 3226 dummodo
804 3179 866 3226 ad
890 3181 1261 3230 observationes
1288 3186 1554 3242 sequentes
1582 3179 1880 3226 attendatur.

1995 3269 2009 3307 1
2026 3268 2049 3307 7
2070 3261 2095 3287 ³*
