2618 3450
179 165 272 212 102
844 178 1039 208 Tui-:onii
1070 175 1359 206 nrsmconrm
1388 175 1836 214 ssiquAmm'ricoRUM.

175 302 234 348 lis
262 317 413 348 omnes
440 317 580 346 casus
615 300 950 360 complectens
973 298 1021 342 in
1057 297 1180 343 rotis
1203 312 1308 342 esse
1331 297 1525 344 debeat.
1579 298 1672 344 Cui
1694 299 1762 345 rei
1793 315 1948 360 quum
1971 300 2088 347 inde
2111 302 2172 347 ab
2193 319 2320 350 anno
2349 310 2474 352 1805

175 390 522 437 meditationes
551 397 742 433 nostras
772 387 934 432 dicare
962 385 1319 445 coepissemus,
1361 400 1476 430 mox
1517 387 1752 434 certiores
1791 387 1911 435 facti
1940 405 2136 445 sumus,
2177 389 2365 439 fontem
2391 410 2476 456 ge-

173 481 384 525 nuinum
421 477 638 524 theoriae
668 474 914 537 generalis
942 474 991 519 in
1021 489 1195 534 campo
1223 472 1564 520 arithmeticae
1602 484 1827 536 promoto
1864 480 2206 539 quaerendum
2245 497 2363 536 esse,
2404 484 2476 531 uti

176 569 273 614 iam
302 568 351 613 in
381 574 469 613 art.
498 575 508 612 l
546 563 943 625 addigitavimus.

347 642 780 708 Quemadmodum
804 652 993 697 scilicet
1015 649 1330 696 arithmetica
1352 649 1613 696 sublimior
1635 650 1684 696 in
1706 653 2085 713 quaestionibus
2108 656 2346 704 hactenus
2369 674 2479 719 per-

175 747 396 794 tractatis
424 746 555 791 inter
584 743 709 789 solos
737 756 968 787 numeros
995 741 1213 801 integros
1236 738 1394 785 reales
1421 746 1660 795 versatur,
1690 741 1761 787 ita
1788 742 2095 791 theoremata
2123 745 2253 792 circa
2279 746 2475 793 residua

174 834 518 897 biquadratica
548 841 664 878 tunc
689 837 884 876 tantum
908 829 957 873 in
981 844 1175 873 summa
1196 827 1516 888 simplicitate
1539 845 1594 875 ac
1613 830 1834 891 genuina
1855 838 2116 880 venustate
2139 835 2473 895 resplendent,

178 925 377 986 quando
406 937 606 981 campus
636 917 976 965 arithmeticae
1004 917 1065 962 ad
1093 915 1398 976 quantitates
1426 918 1736 979 inmyinarz’as
1763 921 2075 975 extenditur,
2105 923 2176 969 ita
2202 931 2257 970 ut
2285 925 2474 985 absque

175 1012 481 1061 restrictione
509 1009 663 1070 ipsius
692 1007 943 1052 obiectum
974 1005 1282 1050 constituant
1319 1006 1514 1051 numeri
1551 1005 1740 1054 formae
1792 1010 1980 1068 a—l—bi,
2055 1012 2412 1059 denotantibus
2464 1016 2479 1058 ι’

173 1120 260 1165 pro
290 1116 420 1147 more
449 1098 780 1160 quantitatem
805 1094 1150 1155 imaginariam
1208 1089 1359 1159 ts—t,
1402 1103 1551 1156 atque
1594 1114 1636 1150 α,
1666 1098 1688 1143 b
1736 1097 1993 1146 indefinite
2032 1116 2203 1148 omnes
2241 1118 2474 1148 numeros

173 1193 327 1239 reales
355 1191 572 1250 integros
600 1187 730 1231 inter
773 1213 827 1218 ——
846 1200 906 1229 OO
945 1192 993 1229 et
1032 1187 1186 1241 —l-OO.
1275 1184 1420 1230 Tales
1450 1201 1682 1231 numeros
1717 1188 2007 1234 vocabimus
2034 1206 2246 1237 nuneeros
2270 1193 2476 1254 intefflvs

174 1282 451 1344 complexos,
481 1279 548 1323 ita
577 1276 793 1337 quidem,
826 1284 880 1319 ut
907 1273 1062 1319 reales
1091 1273 1363 1334 complexis
1393 1290 1493 1320 non
1523 1284 1858 1336 opponantur,
1891 1278 1974 1322 sed
2003 1284 2255 1339 tamquam
2286 1281 2474 1341 species

172 1373 263 1418 sub
285 1370 360 1416 his
386 1366 627 1414 contineri
655 1370 968 1411 censeantur.
1022 1361 1389 1409 Commentatio
1416 1380 1652 1424 praesens
1682 1374 1786 1412 tum
1811 1365 2089 1412 doctrinam
2119 1367 2474 1415 elementarem

172 1464 231 1509 de
255 1459 473 1507 numeris
496 1454 781 1516 c()mplexiS,
801 1461 906 1499 tum
930 1452 1087 1513 prima
1109 1451 1254 1498 initia
1275 1452 1495 1499 theoriae
1512 1454 1823 1501 residuorum
1844 1456 2297 1516 biquadraticorum
2319 1459 2472 1511 sistet,

173 1568 318 1612 quam
344 1550 404 1595 ab
422 1546 555 1594 omni
578 1551 717 1607 parte
737 1541 1009 1604 perfectam
1034 1542 1240 1587 reddere
1260 1541 1310 1586 in
1335 1542 1713 1590 continuat-ione
1730 1546 2067 1606 subsequente
2083 1547 2472 1609 suscipiemus&

1287 1727 1337 1767 31
1357 1759 1364 1767 .

344 1817 478 1862 Ante
501 1811 667 1858 onmia
689 1811 929 1871 quasdam
947 1809 1381 1856 denominationes
1399 1810 1782 1871 praemittimus,
1807 1827 1895 1873 per
1910 1827 2123 1873 quarum
2145 1812 2475 1859 introductio-

173 1924 284 1954 nem
313 1903 543 1952 brevitati
570 1910 617 1948 et
640 1899 988 1962 perspicuitati
1016 1899 1321 1947 consuletur.

343 1993 562 2054 Campus
591 2005 913 2036 numerorum
941 1987 1314 2049 complexorum
1361 1989 1526 2047 a-l-—bz‘
1574 1988 1798 2035 continet

176 2087 209 2131 l.
264 2098 494 2131 numeros
522 2080 703 2133 reales,
745 2079 832 2125 ubi
885 2079 998 2124 b:
1031 2085 1078 2134 Ο,
1127 2084 1201 2131 et,
1241 2077 1373 2124 inter
1400 2077 1515 2131 hos,
1558 2093 1646 2139 pro
1673 2077 1838 2123 indole
1864 2077 2022 2140 ipsius
2062 2094 2089 2123 α

349 2174 386 2233 1]
430 2170 598 2217 cifram

344 2263 386 2324 2)
426 2275 656 2306 numeros·
684 2257 921 2320 positivos

344 2352 386 2395 3
428 2364 661 2395 numeros
688 2346 946 2408 negativos

172 2442 237 2487 II.
291 2455 520 2486 numeros
549 2436 892 2499 imaginarios,
934 2435 1021 2481 ubi
1058 2436 1081 2482 b
1119 2435 1270 2481 cii'rae
1299 2436 1592 2497 inaequalis.
1673 2435 1769 2481 Hic
1797 2435 1979 2481 iterum
2008 2434 2390 2496 distinguuntur

347 2528 381 2588 1f
429 2527 622 2573 numeri
650 2524 932 2586 imaginarii
962 2525 1150 2585 absque
1177 2532 1319 2586 parte
1349 2526 1496 2579 reali,
1538 2526 1567 2571 i.
1599 2541 1638 2572 e.
1670 2524 1757 2571 ubi
1808 2541 1837 2570 a
1867 2545 1928 2564 z
1960 2531 1984 2569 0

341 2616 386 2674 2}
427 2615 622 2661 numeri
650 2614 930 2676 imaginarii
960 2630 1070 2659 cum
1102 2621 1240 2675 parte
1267 2614 1414 2667 reali,
1457 2615 1544 2660 ubi
1572 2629 1735 2675 neque
1776 2613 1799 2659 b
1838 2628 2000 2673 neque
2050 2629 2078 2658 a
2108 2635 2168 2653 2:
2201 2622 2242 2658 0.

166 2706 361 2752 Priores
388 2704 425 2751 si
455 2704 617 2765 placet
642 2702 839 2749 numeri
865 2702 1149 2764 imaginarii
1177 2703 1311 2763 puri,
1351 2704 1650 2764 posteriores
1678 2703 1876 2750 numeri
1903 2702 2186 2763 imaginarii
2215 2702 2360 2749 mixti
2386 2718 2471 2749 vo-

167 2797 267 2842 cari
295 2802 520 2857 possunt.

306 2974 338 3018 *)
367 2972 498 3006 Obiter
516 2972 647 3006 saltem
668 2971 723 3005 hic
743 2970 864 3004 adhuc
882 2980 1031 3003 monere
1059 2969 1243 3011 convenit,
1273 2981 1442 3015 campum
1469 2970 1521 3004 ita
1548 2970 1742 3005 definitum
1770 2970 1945 3017 imprimis
1965 2969 2129 3005 theoriae
2157 2968 2388 3003 residuorum
2415 2969 2467 3003 bi-

163 3040 458 3086 quadraticorum
477 3039 792 3074 accommodatum
811 3049 904 3072 esse.
957 3036 1116 3071 Theoria
1134 3036 1365 3072 residuorum
1385 3038 1596 3073 cubicorum
1616 3039 1724 3073 simili
1743 3039 1851 3074 modo
1871 3036 2158 3084 superstruenda
2177 3041 2232 3071 est
2260 3036 2468 3070 considera-

163 3106 254 3141 tioni
272 3118 505 3141 numerorum
524 3107 661 3141 formae
690 3119 710 3140 α
726 3105 843 3149 -ἧ-ὀΙι,
875 3103 938 3138 ubi
965 3105 987 3137 Ῐι
1014 3111 1069 3138 est
1089 3104 1193 3139 radix
1220 3105 1436 3151 imaginaria
1462 3106 1693 3152 aequationis
1719 3107 1832 3141 W--t
1861 3123 1899 3137 =
1926 3115 1956 3148 ο,
1987 3110 2077 3151 puta
2105 3106 2128 3139 h
2151 3120 2189 3134 =
2213 3103 2467 3149 —23-—4-5l3a'3

162 3179 198 3207 et
216 3174 367 3219 perinde
388 3174 532 3208 theoria
551 3174 781 3209 residuorum
801 3177 1025 3218 potestatum
1045 3172 1218 3207 altiorum
1237 3173 1547 3209 introductionem
1572 3173 1723 3209 aliarum
1752 3173 2002 3221 quantitatum
2022 3171 2319 3218 imaginariarum
2339 3176 2467 3217 postu-

169 3239 271 3274 labit.
