2618 3450
764 144 1120 182 msouismonns
1147 144 1409 175 GENERALES
1434 144 1502 174 DE·
1522 142 1869 174 CONGRUENTIIS.
2370 131 2469 179 231

167 283 314 327 quam
363 267 512 314 oev—1
572 266 814 316 dividunt,
855 264 1097 311 existente
1143 262 1297 323 ν’<ν,
1349 264 1448 310 iam
1483 264 1714 311 inventos
1751 280 1881 319 esse,
1921 264 2239 326 reliquosque
2265 267 2471 314 investi-—

168 370 285 415 gare
314 355 538 416 proponi.
618 354 687 399 Hi
717 365 878 399 autem
910 368 1081 398 omnes
1107 352 1157 399 in
1186 353 1279 398 hac
1305 352 1624 412 expressione
1650 352 2006 413 comprehendi
2034 360 2244 414 possunt
2292 354 2367 414 (P,
2387 344 2468 418 pk),

165 443 204 488 si
246 444 295 489 P
327 444 388 489 sit
414 460 543 489 unus
571 460 632 490 ex
660 443 779 503 ipsis
801 451 850 488 et
870 458 958 502 pro
991 443 1021 488 lc
1057 457 1226 488 omnes
1247 441 1445 488 numeri
1465 441 1680 488 minores
1702 457 1853 502 quam
1892 456 1914 484 ν
1952 440 2015 486 ad
2035 440 2302 501 ipsumque
2322 442 2472 503 primi

166 531 552 577 substituantur.

339 619 398 664 In
427 619 547 679 Cap.
580 634 625 664 vl
653 617 978 670 ostendimus,
1021 618 1269 676 quomodo
1296 616 1486 661 radices
1512 616 1701 676 primae
1727 614 2039 676 aequationis
2083 617 2136 662 02⁹⁹
2161 639 2222 656 Ξ
2253 624 2269 662 1
2322 618 2394 663 ita.
2417 617 2469 663 in

165 708 348 753 classes
376 707 587 766 discerpi
621 706 829 767 possint,
871 712 944 758 ut,
986 706 1214 750 omnibus
1242 721 1330 765 per
1358 704 1566 749 alicuius
1595 712 1863 765 potestates
1891 704 2164 765 expressis,
2207 705 2381 751 eadem
2417 706 2469 752 in

168 795 350 840 classes
379 794 664 839 distributio
692 794 951 844 habeatur,
981 809 1311 853 quaecunque
1336 793 1477 838 radix
1505 793 1664 854 prima
1689 808 1778 854 pro
1805 793 1897 839 hac
1924 793 2031 838 basi
2058 792 2352 853 accipiatur3
2385 810 2469 857 pe-

2369 868 2401 939 6’
2415 882 2470 929 oe‘(

162 883 319 929 riodos
339 882 623 927 huiusmodi
646 881 868 927 radicum
894 882 1182 942 complexus
1205 881 1503 927 vocavimus.
1546 881 1650 926 Iam
1674 889 1824 942 patet,
1847 880 2133 928 functiones
2168 896 2216 933 ω’,
2239 883 2309 933 ff,
2332 897 2367 927 α]

164 953 281 1024 etc„
322 971 706 1031 designantibus
744 984 792 1019 α,
822 967 864 1024 ὅ,
896 986 926 1033 γ
953 978 1044 1014 etc.
1093 983 1263 1013 omnes
1292 983 1524 1013 numeros
1552 969 1613 1013 ad
1651 985 1672 1012 ν
1710 969 1911 1029 primos,
1951 969 2103 1015 simili
2129 970 2276 1015 modo
2301 970 2355 1015 in
2381 986 2469 1031 pe-

164 1059 326 1104 riodos
355 1058 532 1104 resolvi
561 1074 717 1118 posse.
748 1073 998 1117 quamquo
1026 1057 1282 1117 periodum
1316 1056 1549 1102 maiorem
1577 1073 1747 1103 rursus
1767 1058 1820 1103 in
1845 1058 2061 1103 minores
2088 1058 2245 1103 donec
2266 1058 2467 1105 tandem

161 1148 223 1192 ad
253 1147 480 1208 periodos
508 1146 698 1192 formae
746 1135 818 1195 χλ),
848 1134 945 1194 ωῘΨ,
974 1133 1084 1190 oelw)
1111 1182 1120 1190 .
1152 1181 1159 1189 .
1193 1163 1201 1190 :
1230 1130 1378 1190 oe7⁶1²⁷n-¹
1428 1144 1761 1205 perveniatur.
1837 1145 1950 1191 Hoc
1976 1145 2047 1191 ita
2074 1144 2205 1191 facto
2231 1151 2370 1205 patet

341 1234 390 1279 1⁰
429 1235 678 1285 Quoniam
705 1234 937 1295 periodus
960 1248 1186 1293 quaeque
1207 1249 1268 1278 ex
1286 1232 1574 1278 huiusmodi
1592 1233 1809 1293 periodis
1831 1234 2050 1280 minimis
2075 1223 2356 1294 oek4-oekP—{—
2371 1240 2466 1281 etc.

160 1324 433 1384 composita
461 1333 550 1375 est,
592 1323 629 1367 si
658 1340 746 1383 per
773 1337 1124 1382 quamcunque
1146 1320 1456 1367 functionem
1479 1321 1690 1381 primam
1728 1337 1772 1367 m
1809 1321 2177 1368 dimensionum
2199 1322 2465 1377 dividatur,

159 1412 414 1457 residuum
446 1411 550 1456 fore
579 1427 861 1456 numerum.
1665 1395 1667 1397 ι

337 1499 399 1545 2⁰.
480 1500 648 1551 Quum
691 1515 863 1544 omnes
898 1496 1091 1559 periodi
1129 1495 1331 1541 termini
1369 1511 1564 1556 semper
1596 1496 1657 1541 ad
1685 1496 1815 1542 hanc
1841 1495 2053 1543 formam
2081 1496 2255 1542 reduci
2280 1502 2468 1556 queant

156 1569 358 1637 oezfflbffffl'
389 1605 397 1613 ·
428 1605 464 1641 ·‚
531 1588 618 1634 ubi
667 1605 704 1635 κ.
743 1604 785 1640 a,
821 1587 859 1638 b,
898 1603 920 1631 c
949 1623 957 1632 .
989 1622 998 1631 .
1058 1592 1176 1630 sunt
1214 1584 1409 1630 numeri
1449 1584 1792 1638 determinati,
1833 1601 1921 1646 pro
1977 1600 2025 1637 α,
2056 1582 2103 1638 ὅ,
2131 1602 2164 1649 γ
2192 1622 2202 1632 .
2233 1622 2242 1631 .
2299 1592 2466 1632 autem

149 1693 333 1723 ,omnes
356 1677 548 1722 valeres
571 1675 808 1721 substitui
832 1680 1061 1735 possunt;
1092 1680 1244 1734 patet,
1274 1672 1535 1733 periodum
1558 1672 1609 1718 in
1633 1688 1683 1718 se
1704 1674 1862 1735 ipsam
1883 1673 2085 1725 mutari,
2115 1673 2154 1719 si
2176 1688 2264 1734 pro
2290 1688 2325 1718 αι’
2350 1674 2468 1719 sub-

161 1767 398 1813 stituatur
445 1754 505 1812 097⁶
545 1773 593 1811 et
638 1765 670 1811 k·
721 1764 784 1810 sit
822 1763 1010 1809 formae
1061 1748 1249 1808 ααὸῧσγ.
1281 1799 1288 1807 .
1320 1761 1546 1826 (ηΊοε1.ν),
1599 1763 1734 1808 unde
1770 1761 1917 1809 facile
1959 1761 2259 1823 perspicitur
2294 1777 2465 1808 omnes

161 1855 445 1901 functiones
485 1853 545 1905 P,
577 1852 641 1915 (P
673 1841 736 1916 pk)
766 1862 875 1904 eto,
914 1851 1208 1912 designante
1246 1850 1277 1896 k·
1316 1851 1607 1897 huiusmodi
1633 1867 1914 1905 numerum,
1943 1850 1984 1897 si
2009 1850 2241 1912 periodus
2269 1865 2357 1911 per
2383 1865 2464 1896 eas

163 1944 437 1995 dividatur,
477 1942 608 1987 idem
639 1941 893 1986 residuum
923 1941 1056 1986 dare.

339 2031 403 2077 3⁰.
480 2032 647 2082 Quare
675 2030 909 2091 periodus
938 2029 1183 2074 subducto
1211 2027 1298 2074 tali
1324 2027 1523 2073 residuo
1550 2043 1637 2089 per
1662 2027 1960 2088 productum
1984 2041 2046 2071 ex
2067 2026 2299 2071 omnibus
2320 2024 2465 2071 sunc-

165 2120 386 2167 tionibus
438 2119 510 2181 (P,
533 2106 603 2183 (st)
651 2118 803 2164 dividi
832 2117 1030 2179 poterit.

1258 2299 1370 2340 363.

338 2384 544 2429 Summa
569 2382 640 2428 rei
666 2382 717 2427 in
748 2383 839 2427 hoc
865 2381 1087 2433 vertitur,
1117 2388 1173 2427 ut
1199 2381 1323 2426 haec
1350 2379 1552 2426 residua
1577 2377 1988 2424 determinentur.
2062 2375 2229 2420 Primo
2257 2389 2465 2434 quaera-

164 2479 245 2519 tur
269 2472 542 2525 residuum,
573 2471 706 2531 quod
735 2470 965 2531 periodus
993 2470 1210 2515 maxima
1231 2485 1319 2530 per
1341 2469 1642 2529 productum
1664 2482 1726 2513 ex
1746 2466 1976 2512 omnibus
1996 2462 2340 2510 functionibus
2363 2462 2465 2523 pri-

161 2562 254 2607 mis
281 2561 474 2607 idoneis
503 2560 656 2605 dabit.
734 2560 784 2606 Si
811 2559 903 2605 hoo
931 2560 1227 2620 productum
1257 2558 1322 2604 sit

1006 2700 1072 2733 Ξ
1097 2672 1505 2741 oei—Aoei-14
1533 2688 1623 2728 eto.

161 2826 254 2873 erit
274 2825 530 2872 residuum
554 2825 649 2870 hoc
682 2823 820 2871 ΞΑ.
879 2824 1047 2870 Huius
1069 2830 1236 2871 autem
1260 2820 1488 2884 producti
1509 2818 1665 2866 forma
1686 2816 1832 2863 facile
1853 2815 2108 2862 invenitur
2127 2821 2177 2861 et
2196 2829 2256 2860 ex
2280 2813 2399 2875 Cap.
2414 2830 2462 2860 VI

163 2914 389 2975 sequitur
411 2928 518 2959 esse
557 2914 604 2958 A
627 2934 688 2953 :z
715 2919 758 2961 0,
799 2912 841 2958 si
876 2928 898 2956 ν
938 2928 1024 2974 per
1045 2913 1345 2973 quadratum
1369 2908 1523 2954 dividi
1549 2905 1718 2968 possit,
1749 2911 1918 2949 contra
1938 2917 2044 2948 esse
2075 2902 2123 2947 A
2155 2909 2240 2947 aut
2274 2921 2338 2941 =
2359 2904 2453 2958 —†—1

160 3010 247 3049 aut
294 3023 360 3042 z
390 3030 421 3033 --*
457 3008 498 3052 1,
549 3011 699 3061 prout
723 3000 997 3047 multitudo
1022 2999 1268 3046 factorum
1297 2997 1570 3059 primorum
1597 2992 1795 3039 numeri
1831 3008 1853 3036 ν
1891 2991 1956 3037 sit
1981 3006 2070 3052 par
2092 2995 2180 3035 aut
2204 2988 2380 3049 impar.

336 3090 441 3135 Iam
471 3088 748 3135 resolvatur
782 3089 904 3134 haec
933 3089 1163 3150 periodus
1193 3086 1410 3131 maxima
1445 3083 1498 3128 in
1527 3082 1755 3143 periodos
1791 3078 2048 3126 inferiores
2083 3082 2462 3137 repraesenten-

161 3186 342 3238 turque
370 3176 560 3237 periodi
589 3175 806 3221 cuiusvis
835 3178 1032 3224 termini
1059 3193 1147 3238 per
1181 3159 1334 3227 oekpffu,
1373 3172 1442 3218 ita
1470 3178 1525 3218 ut
1560 3170 1594 3217 lc
1626 3170 1678 3216 in
1706 3167 1877 3229 quavis
1904 3166 2108 3227 periodo
2135 3165 2200 3211 sit
2219 3178 2459 3209 numerus
