2618 3450
1105 816 1496 860 SUMMATIO

536 988 1045 1051 QUARUMDAM
1085 986 1477 1041 SERIERUM
1515 989 2069 1044 SINGULARIUM.

1288 1328 1327 1366 1.

328 1416 469 1462 Inter
494 1412 725 1460 veritates
752 1409 1061 1472 insigniores,
1090 1410 1152 1455 ad
1180 1425 1302 1471 quas
1330 1409 1521 1456 theoria
1547 1410 1804 1457 divisionis
1825 1410 1997 1457 circuli
2022 1412 2212 1458 aditum
2238 1414 2448 1475 aperuit,

157 1507 321 1553 locum
346 1504 483 1550 haud
509 1501 745 1548 ultimum
772 1499 868 1546 sibi
894 1498 1115 1545 vindicat
1142 1498 1406 1544 summatio
1434 1498 1487 1544 in
1513 1498 1759 1560 Disquiss.
1788 1499 2058 1548 Arithmet.
2093 1508 2183 1548 art.
2217 1508 2310 1549 356
2339 1519 2453 1565 pro-

157 1594 333 1656 posita,
361 1608 462 1639 non
488 1590 635 1637 modo
662 1595 864 1651 propter
889 1587 1190 1648 elegantiam
1218 1603 1357 1633 suam
1384 1587 1709 1649 peculiarem,
1739 1588 2014 1650 miramque
2041 1587 2449 1644 foecunditatem,

157 1698 305 1744 quam
331 1679 490 1727 fusius
518 1677 802 1739 exponendi
827 1675 1138 1723 occasionem
1164 1675 1372 1737 posthac
1392 1676 1531 1723 dabit
1554 1676 1652 1722 alia
1671 1676 1967 1738 disquisitio,
1997 1680 2084 1725 sed
2104 1679 2217 1726 ideo
2235 1697 2448 1742 quoque,

157 1771 291 1832 quod
324 1769 429 1816 eius
464 1766 819 1814 demonstratio
855 1766 1074 1828 rigorosa
1107 1771 1256 1826 atque
1295 1765 1543 1826 completa
1577 1765 1956 1829 difficultatibus
1991 1768 2127 1815 haud
2161 1769 2450 1832 vulgaribus

155 1859 414 1922 premitur.
496 1856 637 1908 Quae
672 1870 789 1901 sane
823 1870 880 1901 eo
907 1854 1071 1900 minus
1099 1853 1381 1916 exspectari
1407 1854 1722 1911 debuissent,
1769 1872 1924 1916 quum
1951 1873 2052 1903 non
2080 1863 2183 1905 tam
2207 1858 2258 1904 in
2285 1859 2450 1921 ipsum

157 1948 411 1995 theorema
436 1945 629 1997 cadant,
659 1958 809 2003 quam
837 1942 1001 2003 potius
1028 1942 1080 1987 in
1107 1942 1326 2003 aliquam
1354 1942 1676 1989 theorematis
1703 1944 2066 2001 limitationem,
2098 1963 2198 2007 qua
2222 1949 2450 2010 neglecta

157 2033 512 2082 demonstratio
539 2031 707 2078 statim
733 2031 785 2077 in
812 2036 1014 2092 promtu
1045 2036 1141 2084 est,
1180 2028 1519 2092 facillimeque
1552 2047 1579 2078 e
1612 2031 1804 2080 theoria
1828 2033 1881 2080 in
1907 2050 2055 2095 opere
2080 2035 2175 2083 isto
2201 2037 2450 2098 explicata

157 2123 422 2171 derivatur.
496 2120 775 2166 Theorema
799 2119 902 2165 illic
922 2119 1205 2166 exhibitum
1222 2125 1298 2166 est
1317 2119 1370 2165 in
1388 2118 1547 2166 forma
1567 2127 1823 2181 sequente.
1899 2123 2239 2185 Supponendo
2274 2143 2306 2172 n
2342 2143 2449 2174 esse

155 2226 422 2259 numerum
446 2208 680 2271 primum,
710 2208 1096 2268 denotandoque
1117 2207 1380 2254 indefinite
1404 2208 1572 2255 omnia
1589 2209 1789 2257 residua
1809 2212 2100 2272 quadratica
2120 2213 2277 2275 ipsius
2308 2231 2340 2261 η
2373 2215 2450 2262 in-

155 2307 229 2348 ter
254 2299 439 2347 limites
471 2305 489 2342 1
523 2302 573 2343 et
607 2303 735 2343 n—1
781 2295 897 2342 incl.
922 2295 1017 2342 sita
1035 2311 1123 2357 per
1160 2312 1203 2350 a,
1243 2295 1511 2357 omniaque
1533 2299 1862 2346 non-residua
1880 2300 2013 2348 inter
2038 2303 2236 2349 eosdem
2263 2303 2448 2351 limites

1346 2363 1431 2398 360⁰

155 2388 372 2436 iacentia
398 2402 487 2449 per
543 2386 587 2441 b,
644 2385 858 2446 denique
886 2400 973 2446 per
1025 2401 1063 2429 ω
1113 2400 1281 2430 arcum
1340 2413 1448 2457 Τ,
1507 2392 1556 2432 et
1580 2402 1669 2447 per
1710 2387 1742 2433 lc
1787 2387 2036 2450 integrum
2063 2390 2447 2438 determinatum

155 2491 504 2539 quemcunque
531 2491 618 2536 per
654 2491 685 2521 n
721 2489 823 2520 non
862 2471 1179 2526 divisibilem,
1209 2472 1304 2519 erit

327 2565 364 2610 Ι.
405 2579 495 2626 pro
520 2563 687 2611 valore
713 2562 869 2624 ipsius
905 2578 956 2616 η,
997 2560 1085 2622 qui
1111 2566 1187 2607 est
1211 2558 1399 2607 formae
1441 2564 1662 2621 clm-kl,

1016 2684 1279 2734 Ecosakoe
1305 2709 1370 2728 z
1399 2682 1724 2752 —ffg—ss-{qsn

1017 2786 1274 2835 Eeosbkm
1302 2809 1367 2829 -τ
1395 2816 1456 2823 -
1477 2784 1742 2853 ᾼῑῖὶῖὲψη,
1781 2789 2003 2849 adeoque

645 2887 904 2935 Ecosalcm
933 2916 993 2922 —-
1017 2885 1274 2935 Ecosblcm
1301 2910 1366 2929 :z
1394 2884 1542 2952 sstln

1014 2986 1273 3035 Esinakm
1299 3010 1364 3030 :z
1395 2995 1420 3034 0

1014 3086 1272 3135 Esinbkm
1299 3110 1364 3129 r:
1395 3094 1420 3134 0
