2618 3450
191 167 216 209 4
1002 165 1316 197 THEOREMA'ris
1353 162 1641 194 AR1T11MET101

192 311 277 346 cst.
358 298 446 343 l’ro
465 298 615 358 primo
643 293 787 337 huius
814 287 1167 349 elegantissimi
1190 284 1505 333 theorematis
1527 284 1782 329 inventore
1804 281 1874 327 ill.
1894 282 2149 327 LEGENDRE
2170 283 2358 343 absque
2379 284 2471 329 du-

194 389 272 433 bio
301 385 555 431 habendus
582 390 668 432 est,
698 386 956 440 postquam
983 376 1123 436 longe
1151 381 1296 421 antea
1323 372 1503 418 summi
1527 377 1808 432 geometrae
1829 369 1990 414 EULER
2012 377 2060 415 et
2075 369 2471 432 LAGRANGEiju-

195 492 267 520 res
295 475 397 519 eius
425 487 564 517 casus
593 467 825 528 speciales
853 465 949 509 iam
979 479 1061 523 per
1087 461 1425 507 inductionem
1454 460 1759 505 detexerant.
1835 456 2106 502 Conatibus
2134 457 2312 504 horum
2341 459 2471 505 viro-

194 579 299 608 rum
329 561 453 605 circa
480 554 948 603 demonstrationem
974 531 1321 596 enumerandis
1350 548 1429 593 hic
1457 563 1555 592 non
1584 547 1842 600 immoror;
1874 545 2052 590 adeant
2078 545 2261 604 quibus
2288 548 2469 609 volupe

196 658 268 695 est
295 664 415 708 opus
444 646 583 690 modo
611 645 1057 688 commemoratum.
1131 637 1361 684 Adiicere
1386 635 1535 681 liceat
1563 633 1932 685 tantummode,
1961 632 2012 677 in
2042 634 2469 681 confirmationem

195 752 375 785 eorum.
405 749 529 792 quae
556 732 604 776 in
633 737 720 774 art.
739 743 895 788 praec.
919 726 1110 787 prolata
1135 731 1263 771 sunt.
1294 739 1420 783 quae
1447 722 1509 767 ad
1528 737 1660 768 meos
1684 729 1889 768 conatus
1910 721 2176 782 pertinent.
2222 724 2282 770 In
2304 724 2469 785 ipsum

200 824 446 868 theorema
473 818 666 880 proprio
694 821 846 861 marte
873 814 1141 858 incideram
1169 827 1299 857 anno
1333 817 1474 865 1795,
1505 811 1622 855 dum
1651 809 1896 862 omnium,
1926 825 2053 869 quae
2079 809 2129 855 in
2158 811 2469 859 arithmetica

198 908 469 955 sublimiori
497 908 590 951 iam
618 905 865 950 elaborata
896 900 1111 953 fuerant,
1150 900 1348 960 penitus
1381 897 1581 959 ignarus
1609 906 1658 943 et
1685 914 1712 943 a
1738 897 1970 943 subsidiis
1997 898 2230 945 literar-iis
2266 901 2468 947 omnino

198 997 476 1059 praeclusus
504 1009 677 1039 esseni:
709 992 793 1036 sed
823 1005 908 1050 per
932 989 1180 1050 integrum
1219 1003 1404 1033 annum
1430 1002 1507 1032 me
1534 986 1686 1039 torsit,
1716 1001 2016 1046 operamque
2036 986 2374 1034 enixissimam
2396 988 2469 1036 ef-

196 1085 342 1137 fugit.
390 1085 543 1128 donec
582 1080 776 1125 tandem
814 1076 1286 1122 demonstrationem
1318 1075 1371 1120 in
1401 1074 1626 1120 Sectione
1665 1080 1844 1134 quarta
1877 1073 2038 1134 operis
2072 1075 2207 1121 illius
2234 1076 2467 1123 traditam

197 1134 365 1217 nactus
394 1185 564 1215 essem.
650 1167 824 1211 Postea
850 1172 945 1211 tres
973 1164 1096 1210 aliae
1123 1163 1377 1224 principiis
1405 1178 1606 1223 prorsus
1634 1162 1838 1209 diversis
1864 1162 2068 1209 innixae
2096 1179 2145 1209 se
2172 1165 2296 1211 mihi
2321 1167 2467 1213 obtu-

195 1263 377 1306 lerunt.
418 1272 624 1317 quarum
651 1271 798 1301 unam
825 1254 873 1299 in
900 1253 1123 1299 Sectione
1150 1251 1327 1312 quinta
1353 1250 1558 1303 tradidi,
1596 1250 1815 1311 reliquas
1843 1250 2090 1312 elegantia
2117 1252 2204 1298 illa
2230 1253 2365 1300 haud
2389 1256 2467 1301 in—

193 1348 391 1394 feriores
430 1347 524 1391 alia
560 1344 812 1390 occasione
850 1341 1038 1403 publici
1075 1341 1194 1387 iuris
1230 1339 1422 1386 faciam.
1526 1340 1621 1386 Sed
1659 1354 1830 1385 omnes
1868 1339 1962 1386 hae
1999 1341 2463 1398 demonstrationes,

194 1436 383 1482 etiamsi
411 1441 633 1493 respectu
660 1431 831 1492 rigoris
856 1430 981 1476 nihil
1008 1429 1388 1475 desiderandum
1414 1428 1693 1489 relinquere
1719 1428 2004 1483 videantur,
2046 1445 2072 1475 e
2099 1430 2362 1492 principiis
2388 1433 2466 1478 ni-

194 1524 282 1569 mis
310 1520 644 1581 heterogeneis
672 1519 917 1564 derivatae
945 1523 1079 1569 sunt,
1110 1517 1268 1578 prima
1293 1515 1460 1563 forsan
1488 1524 1714 1578 excepta,
1745 1534 1871 1578 quae
1898 1524 2064 1565 tamen
2090 1535 2178 1580 per
2202 1520 2464 1568 ratiocinia

195 1611 345 1669 magis
373 1609 613 1655 laboriosa
638 1606 879 1667 procedit,
919 1605 1388 1666 operationibusq'ue
1415 1605 1765 1667 prolixioribus
1798 1606 2056 1667 premitur.
2141 1608 2464 1657 Demonstra—

196 1700 377 1744 tionem
404 1697 567 1755 itaque
588 1696 831 1755 ι(μηῑιιίηανηι
856 1694 1089 1741 hactenus
1116 1695 1250 1740 haud
1275 1694 1472 1740 affuisse
1500 1710 1599 1740 non
1626 1695 1799 1742 dubito
1826 1696 2188 1757 pronunciare:
2235 1704 2340 1745 esto
2364 1699 2460 1745 iam

195 1803 340 1847 penes
369 1786 547 1847 peritos
573 1783 834 1836 iudicium,
863 1799 925 1828 an
952 1798 1028 1837 ea,
1058 1798 1206 1842 quam
1233 1798 1391 1843 nuper
1418 1783 1646 1844 detegere
1673 1784 1930 1839 successit,
1959 1801 2210 1846 quamque
2238 1787 2462 1849 pagellae

195 1882 450 1935 sequentes
478 1873 735 1925 exhibent,
774 1872 864 1917 hoc
891 1871 1090 1917 nomine
1117 1871 1334 1917 decorari
1372 1877 1634 1918 mereatur.

1298 2056 1340 2097 3.

362 2140 629 2184 THEOREMA.
707 2137 782 2183 Sit
819 2154 855 2199 2)
902 2151 1117 2183 numerus
1133 2139 1314 2199 primus
1331 2140 1586 2200 positivus;
1633 2139 1665 2185 lc
1705 2140 1879 2201 inteyer
1906 2140 2159 2201 quicunque
2179 2156 2266 2203 per
2303 2157 2335 2204 p
2373 2158 2459 2188 mm

196 2227 443 2281 divisibili&

466 2352 510 2395 A
558 2352 810 2413 conzplerz'us
834 2366 1120 2398 numerorum
1175 2360 1213 2405 1,
1246 2359 1286 2404 2,
1321 2358 1343 2397 3
1375 2390 1384 2398 .
1415 2390 1422 2397 .
1456 2391 1464 2398 .
1496 2390 1502 2398 .
1533 2353 1750 2418 -3—(29—1)

466 2438 511 2482 B
559 2439 817 2500 compleoeus
842 2439 1000 2485 horum
1052 2439 1294 2501 {·(P-l·-¹)›
1338 2439 1592 2503 {(p—l-3),
1637 2442 1859 2505 &pq-5)
1892 2481 1900 2489 .
1932 2481 1940 2490 .
1974 2482 1982 2489 .
2018 2453 2185 2507 ‚p—-l

204 2575 456 2634 Capiantur
482 2573 660 2619 residua
686 2576 865 2620 minima
883 2576 1085 2637 positiva
1101 2575 1431 2637 productorum
1457 2593 1514 2624 eoe
1560 2579 1591 2624 lc
1639 2581 1688 2625 in
1711 2581 1917 2643 sinyulos
1942 2597 2154 2628 numeros
2203 2584 2249 2627 A
2298 2598 2461 2629 Secun-

199 2661 301 2705 dum
328 2661 551 2706 modulum
591 2678 641 2723 J),
693 2678 806 2723 quae
831 2664 1071 2726 mamfesto
1099 2664 1247 2708 omnia-
1273 2664 1452 2711 diversa
1478 2674 1631 2719 erunt,
1667 2675 1804 2730 atque
1821 2671 1999 2732 partim
2024 2669 2089 2716 ad
2120 2669 2169 2715 A
2197 2673 2375 2733 partim
2400 2672 2465 2718 ad

199 2749 242 2792 R
270 2750 566 2810 pertinebunt.
643 2749 741 2794 Iam
767 2752 807 2795 si
831 2750 892 2795 ad
926 2750 973 2795 B
1010 2752 1184 2796 omnino
1223 2769 1252 2812 μ
1288 2753 1473 2799 residua
1488 2757 1717 2817 pertinere
1740 2765 2082 2822 supponantur,
2110 2760 2199 2805 erit
2230 2759 2262 2805 lc
2297 2761 2368 2805 vel
2388 2777 2460 2806 re-

196 2836 371 2881 siduum
402 2838 467 2881 vel
488 2837 825 2882 nnn—resiclumn
849 2837 1164 2898 qecaslratlcum
1190 2840 1334 2899 ipsius
1361 2856 1418 2901 p,
1453 2851 1593 2903 prout
1630 2862 1660 2904 μ
1687 2861 1783 2907 par
1808 2853 1878 2892 est
1901 2847 1972 2892 vel
1992 2848 2151 2910 impar.

366 3007 497 3054 Dem.
578 3010 688 3056 Sint
722 3011 919 3056 residua
953 3012 1014 3056 ad
1062 3014 1107 3057 A
1154 3013 1450 3072 pertinentia
1483 3016 1604 3063 haec
1651 3036 1699 3075 a,
1727 3018 1766 3065 α’
1791 3019 1841 3067 α”
1870 3059 1877 3067 .
1909 3058 1918 3068 .
1951 3060 1958 3067 .
1991 3058 2026 3075 .,
2079 3022 2273 3083 reliqua
2304 3024 2364 3068 ad
2414 3023 2462 3068 B

200 3096 494 3155 pertinentia
519 3098 557 3152 b,
573 3096 619 3151 ll,
635 3097 717 3144 ll'..
739 3136 796 3152 ..,
837 3104 1070 3159 patetque
1092 3101 1415 3160 posteriorum
1438 3106 1800 3166 complementa
1828 3125 1938 3171 p—
1953 3110 1991 3163 h,
2007 3108 2399 3173 p—b',p—b''..
2421 3149 2429 3157 .
2451 3150 2458 3156 .

198 3190 372 3228 cuncta
398 3200 424 3228 a
450 3186 665 3231 numeris
712 3204 754 3239 a,
781 3184 834 3238 α’,
862 3186 910 3231 (ι”
939 3224 947 3233 .
979 3224 987 3232 .
1019 3224 1026 3232 .
1058 3225 1065 3232 .
1117 3188 1306 3235 diversa
1332 3206 1459 3245 esse,
1499 3210 1609 3240 cum
1636 3195 1711 3241 his
1738 3212 1850 3243 vero
1878 3198 2025 3245 simul
2053 3208 2217 3246 sumta
2243 3200 2461 3261 comple-
