2618 3450
155 71 254 119 278
1186 82 1433 114 NACHLASS.

1286 213 1327 251 3.

327 296 643 358 Principium
672 292 991 340 admissionis
1018 291 1097 338 vel
1125 292 1430 339 exclusionis
1457 292 1818 353 quadratorum
1853 293 1907 340 in
1933 294 2093 343 limite
2117 296 2307 359 figurae
2333 300 2467 361 posi-

151 394 314 434 torum
342 385 514 432 multis
544 383 704 428 modis
732 380 939 426 diversis
961 381 1109 426 condi
1130 387 1326 440 posset:
1368 381 1796 441 simplicissimum
1816 388 1983 428 tamen
2004 383 2218 438 videtur,
2247 393 2469 434 tantum-

152 476 298 520 modo
327 474 476 520 situm
506 470 663 517 centri
692 470 937 528 cuiusque
965 468 1198 528 quadrati
1226 470 1489 530 respicere,
1518 469 1588 516 ita
1614 477 1672 516 ut
1698 470 2030 518 admittantur
2057 470 2314 532 quadrata,
2344 491 2467 536 quo-

150 578 260 608 rum
282 567 452 606 centra
474 567 590 603 sunt
611 558 745 602 intra
768 556 979 617 figuram
996 593 1006 608 ‚
1038 556 1373 603 excludantur
1397 573 1479 608 ea,
1515 574 1727 618 quorum
1751 567 1921 605 centra
1941 568 2059 607 sunt
2081 569 2220 607 extra
2238 563 2465 624 figuram,

152 651 370 709 denique
393 647 600 693 arbitrio
622 645 952 704 relinquatur,
977 652 1144 690 utrum
1170 653 1366 697 centra,
1398 662 1527 706 quae
1548 645 1676 693 forte
1706 646 1758 691 in
1781 647 2066 709 peripheria
2091 649 2199 710 ipsa
2220 657 2361 703 sunt,
2390 651 2469 698 in-

155 738 423 785 terioribus
450 735 528 780 vel
556 733 891 779 exterioribus
922 734 1256 779 adnumerare
1286 734 1533 780 malimus.
1610 735 1744 780 Loco
1771 743 2055 783 centrorum
2085 739 2234 784 etiam
2265 741 2468 800 quaevis

154 827 251 872 alia
277 832 464 886 puncta
490 824 540 868 in
570 821 781 883 singulis
809 822 1067 881 quadratis
1096 823 1328 869 similiter
1355 823 1449 869 sita
1475 825 1714 885 adoptare
1745 841 2015 885 possemus.

329 913 439 958 Hoc
469 919 613 971 pacto
641 926 718 956 res
752 925 810 955 eo
836 910 990 964 redit,
1033 919 1089 957 ut
1124 911 1174 957 in
1202 911 1353 972 plano
1379 920 1569 972 puncta
1608 914 1998 974 aequidistantia
2038 916 2164 962 etin
2205 917 2351 964 rectis
2386 934 2468 964 ae-

155 1001 550 1064 quidistantibus
580 1001 650 1047 ita
676 999 1004 1045 disseminata
1031 999 1397 1060 concipiamus,
1441 1008 1497 1047 ut
1537 1002 1784 1061 quadrata
1822 1003 2056 1050 offerant:
2093 1020 2193 1065 quo
2219 1003 2352 1051 facto
2380 1022 2468 1066 per

155 1093 410 1139 theorema
438 1097 529 1136 art.
561 1104 719 1150 praec.
753 1088 998 1134 affirmare
1026 1105 1314 1150 possumus,
1346 1090 1727 1137 multitudinem
1756 1099 2059 1152 punctorum
2085 1092 2138 1138 in
2164 1095 2324 1155 figura
2351 1110 2468 1141 con-

155 1189 405 1228 tentorum
432 1179 483 1224 in
514 1178 814 1238 quadratum
845 1177 1114 1223 distantiae
1137 1178 1367 1224 binorum
1391 1188 1692 1239 punctorum
1715 1181 2057 1241 proximorum
2081 1182 2467 1243 multiplicatam

155 1285 297 1316 areae
317 1269 506 1330 figurae
528 1283 677 1326 quam
700 1281 855 1327 prope
878 1264 1001 1311 velis
1023 1266 1283 1326 aequalem
1312 1266 1536 1320 evadere,
1568 1268 1607 1312 si
1630 1269 1777 1314 modo
1799 1269 2041 1316 distantia
2060 1269 2157 1315 ista
2178 1269 2296 1316 satis
2317 1286 2470 1330 parva

156 1358 443 1419 accipiatur,
473 1356 573 1401 sive
597 1356 658 1401 ad
680 1356 839 1400 instar
866 1355 1082 1416 vulgaris
1109 1355 1348 1416 loquendi
1375 1356 1524 1411 modi,
1553 1358 1853 1418 productum
1875 1358 2002 1404 illud
2030 1375 2193 1405 aream
2216 1358 2466 1413 exhibere,

157 1449 197 1494 si
226 1445 467 1493 distantia
495 1445 558 1490 sit
585 1444 780 1489 infinite
807 1459 975 1504 parva.

1293 1628 1336 1668 4.

334 1711 499 1757 Curva
527 1725 612 1770 per
639 1709 993 1770 aequationem
1021 1708 1154 1754 inter
1181 1710 1494 1756 coordinatas
1522 1710 1875 1773 orthogonales
1914 1728 1965 1774 p,
1996 1729 2023 1774 q
2075 1713 2263 1761 hancce

972 1837 1504 1899 app÷2bpq÷0qq
1536 1846 1649 1883 2=1

160 1993 410 2039 expressa,
440 1983 513 2022 est
539 1974 693 2021 sectio
721 1974 909 2024 conica,
938 1982 989 2020 et
1015 1975 1220 2035 quidem
1247 1976 1463 2037 ellipsis,
1504 1977 1545 2023 si
1582 1993 1625 2030 a,
1655 1992 1677 2021 c
1715 1984 1866 2037 atque
1916 1979 2123 2025 ac——bb
2167 1985 2287 2028 sunt
2312 1997 2471 2042 quan-

2011 2105 2018 2123 „
2214 2105 2225 2115 .
2319 2068 2473 2117 Valor

160 2152 458 2214 quantitatis
496 2151 1021 2214 app—l—2bpq—l—cqq
1059 2162 1201 2199 extra
1228 2153 1458 2214 ellipsem
1485 2153 1673 2213 ubique
1700 2155 1757 2200 fit
1783 2154 1940 2201 maior
1967 2106 2135 2216 qviica‘in—
2147 2108 2208 2212 {²1⁶3
2242 2156 2375 2204 intra
2400 2158 2472 2204 el-

162 2243 339 2304 lipsem
369 2241 531 2287 minor
558 2256 709 2300 quam
754 2247 796 2292 1,
837 2240 1105 2300 negativus
1131 2242 1329 2288 nullibi.

2089 2058 2113 2066 n·-

159 2069 326 2112 titates
371 2063 637 2125 positivae:
678 2079 791 2109 area
828 2063 921 2111 hac
965 2063 1130 2124 ellipsi
1167 2064 1547 2127 circumscripta
1580 2065 1835 2111 invenitur
1877 2088 1964 2113 ,Ξ

335 2329 662 2390 Concipiatur
692 2335 906 2390 systema
933 2337 1236 2389 punctorum
1263 2347 1352 2391 per
1379 2331 1603 2392 planum,
1633 2330 1682 2376 in
1711 2345 1809 2389 quo
1836 2330 2026 2391 ellipsis
2050 2332 2145 2378 sita
2165 2338 2254 2387 est,
2282 2333 2353 2380 ita
2374 2333 2474 2380 dis-

160 2420 542 2470 seminatorum,
579 2424 634 2463 ut
660 2416 876 2464 forment
902 2419 1169 2477 quadrata,
1210 2435 1423 2479 quorum
1460 2420 1619 2466 latera
1675 2441 1738 2460 z
1765 2419 1790 2463 λ
1849 2420 2029 2466 axibus
2068 2423 2472 2470 coordinatarum

161 2509 262 2554 sint
287 2506 542 2568 parallela,
572 2505 660 2550 ubi
689 2505 817 2550 nihil
845 2505 1010 2559 refert,
1037 2515 1206 2554 utrum
1233 2508 1436 2555 initium
1465 2508 1866 2554 coordinatarum
1894 2509 1997 2555 sive
2024 2517 2252 2558 centrum
2279 2512 2470 2574 ellipsis

161 2613 273 2643 cum
302 2595 470 2655 aliquo
497 2594 675 2639 horum
703 2601 1006 2654 punctorum
1043 2595 1293 2642 coine-idat
1330 2612 1504 2643 necne.
1582 2596 1657 2642 Sit
1694 2596 1966 2644 multitudo
2003 2605 2302 2659 punctorum
2338 2601 2472 2648 intra

162 2685 405 2746 ellipsem,
437 2682 780 2729 adnumeratis
808 2683 847 2727 si
876 2699 1004 2743 quae
1033 2692 1152 2730 sunt
1178 2684 1230 2730 in
1267 2685 1376 2747 ipsa
1401 2685 1713 2746 peripheria,
1766 2707 1829 2726 z
1855 2702 1922 2739 m,
1973 2687 2167 2748 eritque
2203 2705 2291 2750 per
2331 2690 2471 2736 theo-

162 2789 298 2819 rema
326 2780 413 2818 art.
444 2786 606 2833 praec.
647 2761 881 2855 >affin—bb)
929 2773 1073 2819 limes
1101 2773 1392 2833 quantitatis
1429 2773 1567 2830 mii,
1618 2774 1679 2819 ad
1707 2789 1856 2833 quem
1885 2790 2034 2834 quam
2063 2790 2216 2837 prope
2241 2776 2364 2823 velis
2391 2793 2471 2823 ac-

163 2861 318 2913 cedit,
361 2861 680 2906 decrescente
719 2859 743 2904 λ
781 2861 833 2905 in
860 2861 1128 2908 infinitum.

338 2948 388 2995 Si
415 2948 615 2994 initium
643 2949 1041 2995 coordinatarum
1072 2967 1183 2996 cum
1212 2951 1380 3012 aliquo
1419 2951 1703 3012 systematis
1741 2958 1930 3012 puncto
1970 2948 2249 2999 coincidere
2286 2969 2471 3015 suppo-

166 3038 352 3090 nimus,
395 3038 662 3083 statuendo
692 3054 729 3100 p
758 3059 819 3079 2:
849 3037 936 3090 λα’,
978 3055 1005 3101 q
1032 3060 1096 3079 z
1124 3038 1207 3101 λῃ,
1249 3038 1517 3086 manifesto
1543 3055 1633 3100 pro
1662 3040 1871 3101 singulis
1899 3039 2101 3101 punctis
2123 3042 2405 3103 systematis
2437 3057 2472 3088 α’

164 3136 210 3172 et
241 3144 275 3187 y
314 3133 462 3172 erunt
490 3127 685 3173 numeri
715 3127 909 3188 integri,
951 3137 999 3173 et
1036 3127 1141 3173 vice
1179 3144 1321 3174 versa
1348 3129 1550 3188 quaevis
1578 3128 1883 3174 combinatio
1911 3128 2134 3174 valorum
2161 3128 2470 3191 integrorum
