2618 3450
770 550 1316 605 THEOREMATIS
1354 548 1869 602 ARITHMETICI

982 751 1443 797 DEMONSTRATIO
1477 750 1655 795 NOVA.

1303 1113 1344 1152 1.

346 1198 676 1250 Quaestiones
703 1212 765 1243 ex
791 1195 1106 1242 arithmetica
1131 1193 1412 1240 sublimiori
1437 1207 1794 1254 saepenumero
1814 1192 2195 1253 phaenomenon
2217 1191 2469 1255 singulare

175 1286 404 1341 offerunt,
434 1286 565 1346 quod
592 1286 644 1330 in
670 1283 863 1345 analysi
889 1284 1036 1345 longe
1062 1282 1222 1329 rarius
1250 1281 1480 1336 occurrit,
1508 1288 1657 1342 atque
1684 1282 1748 1327 ad
1773 1281 1973 1328 illarum
1999 1281 2257 1328 illecebras
2284 1297 2470 1344 augen-

174 1375 259 1420 das
286 1373 501 1420 multum
528 1370 734 1419 confert.
827 1372 961 1417 Dum
997 1370 1187 1417 scilicet
1221 1369 1274 1415 in
1311 1369 1746 1431 disquisitionibus
1784 1370 2045 1432 analyticis
2078 1370 2373 1431 plerumque
2405 1371 2468 1417 ad

172 1463 402 1510 veritates
430 1478 579 1508 novas
606 1461 890 1523 pertingere
916 1475 1015 1506 non
1040 1459 1172 1510 licet.
1202 1459 1300 1505 nisi
1321 1459 1459 1520 prius
1480 1458 1755 1521 principiis,
1786 1459 1969 1520 quibus
1989 1459 2287 1514 innituntur,
2317 1475 2469 1521 quae-

172 1567 269 1611 que
296 1551 357 1596 ad
382 1566 463 1596 eas
490 1549 619 1596 viam
648 1548 790 1609 quasi
814 1547 1096 1609 patefacere
1123 1548 1324 1603 debent,
1352 1547 1554 1609 penitus
1580 1547 1728 1609 potiti
1756 1548 1935 1595 simus:
1966 1555 2138 1595 contra
2156 1548 2210 1594 in
2231 1548 2469 1595 arithme-

173 1639 270 1686 tica
293 1636 696 1698 frequentissime
723 1653 810 1699 per
833 1636 1174 1683 inductionem
1200 1634 1402 1683 fortuna
1427 1636 1642 1697 quadam
1669 1636 1929 1698 inopinata
1948 1637 2181 1683 veritates
2201 1636 2468 1699 elegantis-

173 1728 324 1774 simae
350 1742 508 1773 novae
534 1725 821 1788 prosiliunt,
864 1741 1073 1787 quarum
1110 1726 1562 1772 demonstrationes
1599 1733 1700 1772 tam
1736 1724 1985 1788 profunde
2020 1726 2179 1773 latent
2212 1726 2466 1787 tantisque

171 1816 388 1864 tenebris
415 1814 680 1863 obvolutae
702 1821 833 1869 sunt,
862 1821 921 1861 ut
938 1830 1110 1862 omnes
1130 1823 1338 1862 conatus
1360 1815 1582 1871 eludant,
1611 1815 1963 1876 acerrimisque
1984 1815 2465 1877 perscrutationibus

172 1905 363 1951 aditum
389 1905 653 1965 denegent.
727 1904 919 1950 Tantus
946 1919 1091 1965 porro
1118 1904 1257 1950 adest
1283 1910 1486 1964 tamque
1514 1903 1668 1949 mirus
1694 1903 1824 1950 inter
1850 1903 2082 1950 veritates
2109 1904 2462 1959 arithmeticas,

170 1993 329 2054 primo
355 1998 560 2053 aspectu
584 1991 800 2038 maxime
826 1992 1196 2054 heterogeneas,
1231 2007 1406 2046 nexus,
1434 1998 1492 2039 ut
1515 1992 1651 2038 haud
1677 2008 1800 2045 raro,
1831 1994 1949 2039 dum
1976 1993 2124 2056 longe
2146 1994 2243 2040 alia
2268 1994 2466 2055 quaeri-

169 2097 295 2135 mus,
324 2081 526 2128 tandem
553 2080 616 2126 ad
643 2080 1115 2127 demonstrationem
1142 2087 1400 2143 tantopere
1427 2087 1715 2142 exoptatam
1734 2081 1996 2144 longisque
2017 2091 2163 2130 antea
2183 2083 2465 2131 meditatio-

169 2170 317 2216 nibus
343 2168 528 2216 frustra
554 2169 831 2230 quaesitam
858 2169 1002 2231 longe
1029 2170 1126 2216 alia
1152 2170 1232 2217 via
1257 2187 1408 2231 quam
1434 2186 1533 2231 qua
1557 2173 1845 2232 exspectata
1864 2169 2027 2217 fuerat
2047 2169 2334 2219 felicissime
2353 2189 2464 2234 per-

171 2259 440 2306 veniamus.
527 2259 828 2319 Plerumque
856 2265 1024 2305 autem
1050 2258 1340 2305 huiusmodi
1364 2259 1598 2306 veritates
1626 2259 1731 2305 eius
1760 2266 1877 2306 sunt
1901 2259 2105 2311 indolis,
2144 2267 2200 2306 ut
2234 2259 2462 2321 pluribus

167 2347 258 2395 viis
285 2348 427 2394 valde
454 2347 660 2393 diversis
688 2347 813 2393 adiri
840 2354 1047 2408 queant,
1086 2364 1179 2395 nec
1206 2364 1403 2410 semper
1426 2347 1535 2395 viae
1561 2348 1883 2395 brevissimae
1912 2348 2031 2403 sint,
2070 2364 2197 2410 quae
2225 2349 2385 2411 primo
2412 2365 2462 2396 se

167 2436 394 2483 offerunt.
470 2437 527 2482 In
555 2451 734 2498 magno
760 2436 928 2497 itaque
956 2443 1084 2483 certe
1110 2438 1270 2499 pretio
1296 2437 1582 2483 habendum
1613 2437 1727 2491 erit,
1765 2437 1825 2488 si,
1866 2437 1953 2484 tali
1978 2437 2186 2485 veritate
2212 2438 2359 2501 longe
2384 2438 2462 2485 in-

168 2541 360 2571 cassum
385 2525 641 2578 ventilata,
669 2525 784 2571 dein
811 2526 1149 2572 demonstrata
1174 2526 1375 2587 quidem
1404 2527 1490 2572 sed
1515 2542 1604 2587 per
1628 2527 1861 2588 ambages
1889 2527 2232 2582 abstrusiores,
2260 2528 2460 2574 tandem

170 2614 294 2660 viam
323 2613 740 2675 simplicissimam
766 2620 914 2674 atque
939 2615 1211 2676 genuinam
1234 2615 1462 2677 detegere
1489 2615 1767 2677 contigerit.

1288 2800 1330 2840 2.

339 2877 475 2924 Inter
501 2878 841 2938 quaestiones,
878 2880 939 2926 de
966 2881 1148 2941 quibus
1175 2881 1226 2928 in
1254 2888 1344 2928 art.
1375 2898 1537 2943 praec.
1566 2882 1806 2939 diximus,
1848 2882 2013 2929 locum
2038 2879 2288 2941 insignem
2322 2887 2459 2927 tenet

168 2966 420 3012 theorema
444 2982 642 3014 omnem
662 2966 765 3015 fere
788 2969 1027 3016 theoriam
1050 2969 1363 3016 residuorum
1386 2971 1792 3031 quadraticorum
1814 2970 2093 3018 continens,
2123 2967 2255 3028 quod
2274 2967 2326 3013 in
2346 2966 2459 3013 Dis-

167 3053 484 3113 quisz'tionibus
518 3055 817 3103 arithmeticis
860 3057 1002 3120 (Sect.
1034 3058 1143 3120 IV.)
1188 3059 1479 3106 theorematis
1508 3058 1884 3123 fundamentalis
1924 3056 2127 3105 nomine
2164 3056 2457 3104 distinctum
