2618 3450
1070 100 1398 133 COMMENTATIO
1423 100 1575 132 PRIMA.
2381 91 2440 137 71

180 246 209 274 a
245 231 320 273 est
338 223 593 272 residuum
614 221 1014 284 biquadraticum
1034 222 1190 284 ipsius
1220 239 1271 286 p,
1317 229 1438 284 puta
1475 237 1541 270 Ξ
1562 217 1631 276 α4,
1669 226 1881 282 quatuor
1906 222 2094 270 radices
2115 227 2467 287 congruentiae

180 311 232 363 ,25⁴
254 329 369 363 Ξα
406 317 553 358 erunt
598 327 646 364 α,
663 312 764 374 fot,
796 326 917 366 -α,
946 311 1111 374 ——foc,
1162 327 1283 372 quas
1319 311 1451 358 inter
1489 326 1539 356 se
1575 310 1875 373 incongruas
1912 327 2018 359 esse
2050 310 2196 360 facile
2233 314 2471 376 perspici—

183 411 277 451 tur.
349 400 487 447 Hinc
518 405 679 460 patet,
722 398 763 444 si
797 397 1096 460 colligantur
1131 398 1329 445 residua
1365 398 1571 445 minima
1607 399 1817 460 positiva
1853 399 2259 461 biquadratorum
2316 410 2355 455 1,
2391 410 2464 457 16,

187 499 262 546 81,
295 497 389 536 256
415 526 423 536 .
451 526 459 535 .
485 526 493 534 .
521 525 528 532 .
554 482 761 550 (p—1)⁴,
813 494 1055 546 quaterna
1082 503 1276 548 semper
1302 487 1532 548 aequalia
1556 486 1674 541 fore,
1704 487 1774 534 ita
1799 495 1855 534 ut
1902 487 2124 551 {Qu—1)
2175 490 2372 537 residua
2397 492 2471 537 bi-

183 577 472 641 quadratica
498 576 690 622 diversa
715 575 993 621 habeantur
1015 575 1330 636 complexum
1366 576 1413 621 A
1443 574 1726 622 formantia.
1776 575 1827 622 Si
1847 576 2043 622 residua
2063 577 2269 624 minima
2294 579 2471 640 biqua-

184 670 438 714 dratorum
466 679 622 724 usque
650 664 713 709 ad
766 658 1007 725 (ἦρ-ἦγ’
1057 669 1252 710 tantum
1281 663 1604 725 colliguntur,
1646 664 1844 726 singula
1869 665 1945 711 bis
1972 665 2191 712 aderunt.

1315 848 1359 887 7.

357 930 662 976 Productum
684 929 896 974 duorum
917 927 1228 975 residuorum
1250 928 1706 990 biquadraticorum
1729 927 1992 976 manifesto
2019 937 2094 976 est
2119 929 2372 977 residuum
2400 930 2475 976 bi-

184 1017 546 1082 quadraticum‚
582 1017 684 1063 sive
714 1032 739 1062 e
776 1015 1192 1078 multiplicatione
1220 1017 1432 1064 duorum
1453 1032 1773 1063 numerorum
1800 1017 1969 1065 classis
2008 1019 2056 1065 A
2093 1035 2285 1081 semper
2310 1020 2477 1081 prodit

183 1109 496 1171 productum,
518 1106 659 1152 cuius
679 1105 934 1151 residuum
957 1105 1217 1151 minimum
1238 1105 1505 1167 positivum
1533 1106 1595 1151 ad
1615 1107 1825 1153 eandem
1851 1107 2057 1154 classem
2081 1108 2310 1168 pertinet.
2355 1109 2474 1155 Per-

185 1199 303 1245 inde
328 1196 570 1259 producta
595 1193 790 1241 numeri
815 1210 878 1240 ex
913 1194 962 1240 B
1004 1193 1054 1240 in
1092 1210 1356 1240 numerum
1390 1210 1452 1241 ex
1490 1194 1555 1248 D,
1602 1194 1680 1241 vel
1714 1196 1908 1242 numeri
1945 1212 2006 1242 ex
2047 1195 2089 1241 Ο
2132 1196 2183 1242 in
2210 1213 2472 1244 numerum

188 1302 250 1331 ex
294 1285 352 1339 O,
391 1284 653 1330 habebunt
676 1282 878 1328 residua
903 1298 994 1328 sua
1018 1282 1229 1329 minima
1253 1282 1307 1329 in
1343 1284 1404 1329 A.

358 1373 419 1419 In
454 1372 503 1418 B
537 1378 705 1418 autem
732 1371 912 1418 cadent
934 1370 1134 1417 residua
1155 1372 1511 1432 productorum
1548 1371 1679 1418 A.B
1704 1379 1754 1418 et
1787 1370 1928 1428 0.D;
1967 1372 2021 1418 in
2065 1373 2108 1419 G
2138 1374 2337 1420 residua
2361 1391 2475 1436 pro-

188 1464 392 1509 ductum
431 1460 496 1507 A.
518 1461 576 1513 O,
605 1459 735 1506 B.B
770 1466 819 1506 et
855 1458 1013 1516 D.D;
1051 1459 1268 1521 denique
1293 1460 1345 1506 in
1383 1459 1436 1506 D
1468 1460 1668 1507 residua
1692 1460 2051 1521 productorum
2089 1460 2222 1508 A.B
2257 1470 2306 1509 et
2330 1463 2399 1510 B.
2422 1463 2473 1510 C.

361 1548 822 1596 Demonstrationes
850 1554 950 1594 tam
978 1548 1151 1595 obviae
1178 1555 1306 1606 sunt,
1347 1556 1403 1595 ut
1429 1548 1660 1604 sufficiat,
1689 1565 1843 1595 unam
1868 1549 2177 1598 indicavisse.
2232 1551 2345 1598 Sint
2369 1567 2411 1598 e.
2429 1567 2475 1613 g.

191 1657 212 1685 c
249 1644 299 1686 et
332 1638 365 1685 d
408 1637 604 1684 numeri
629 1653 690 1684 ex
743 1637 786 1683 O
821 1644 871 1683 et
907 1636 982 1689 D,
1040 1643 1188 1698 atque
1242 1654 1265 1682 c
1291 1651 1357 1684 Ξ
1383 1653 1498 1691 eea,
1540 1637 1573 1684 d
1596 1652 1662 1685 Ξ
1688 1631 1798 1694 e³a'‚
1852 1638 2202 1686 denotantibus
2241 1656 2283 1693 a,
2313 1637 2351 1685 α’
2386 1656 2479 1686 nu-

191 1743 351 1775 meros
377 1743 439 1773 ex
474 1727 538 1774 A.
611 1727 754 1773 Tunc
802 1721 934 1772 e4aa'
968 1725 1062 1773 erit
1087 1726 1342 1772 residuum
1368 1726 1782 1786 biquadraticum,
1811 1725 1841 1771 i.
1861 1741 1903 1772 e.
1930 1725 2087 1787 ipsius
2112 1726 2366 1773 residuum
2387 1727 2480 1773 mi-

191 1818 382 1864 nimum
404 1817 467 1863 ad
502 1815 551 1862 A
585 1813 849 1862 referetur:
887 1830 1041 1876 quare
1074 1831 1231 1875 quum
1265 1815 1563 1876 productum
1610 1813 1677 1861 cd
1718 1813 1805 1861 fiat
1842 1828 1907 1861 Ξ
1929 1810 2132 1870 e.e⁴aa'‚
2184 1814 2321 1861 illius
2359 1815 2478 1862 resi-

194 1907 349 1952 duum
374 1904 639 1952 minimum
665 1904 717 1949 in
755 1888 809 1949 B
841 1909 1136 1950 contentum
1163 1903 1271 1950 erit.

366 1992 527 2039 Simul
551 1990 698 2038 facile
723 1991 824 2038 iam
849 1991 1112 2038 diiudicari
1137 1997 1316 2053 potest,
1344 1992 1406 2038 ad
1427 2007 1695 2052 quamnam
1717 1992 1923 2038 classem
1946 1990 2264 2038 referendum
2286 1991 2349 2038 sit
2368 2006 2480 2052 pro-

194 2083 400 2129 ductum
426 2097 452 2127 e
478 2080 707 2142 pluribus
732 2078 1021 2127 factoribus,
1096 2080 1296 2127 Scilicet
1332 2080 1599 2127 tribuendo
1635 2079 1781 2126 classi
1828 2080 1889 2134 A,
1917 2079 1979 2134 B,
2016 2080 2067 2134 0,
2095 2079 2148 2126 D
2196 2095 2326 2141 resp.
2365 2080 2482 2125 cha-

194 2177 434 2218 racterem
487 2176 529 2224 Ο,
564 2177 605 2222 1,
637 2176 679 2223 2,
712 2175 763 2226 3,
813 2169 1068 2216 character
1102 2170 1333 2232 producti
1368 2169 1447 2216 vel
1481 2176 1748 2231 aggregato
1786 2169 2127 2216 characterum
2168 2167 2480 2230 singulorum

193 2258 438 2307 factorum
465 2257 685 2318 aequalis
716 2257 835 2312 erit,
871 2258 949 2304 vel
976 2258 1080 2304 eius
1108 2258 1305 2305 residuo
1333 2258 1536 2305 minimo
1565 2258 1840 2304 secundum
1867 2257 2127 2304 modulum
2167 2264 2211 2303 4.

1319 2442 1359 2482 8.

368 2525 560 2585 Operae
587 2523 803 2585 pretium
833 2523 994 2569 visum
1019 2529 1107 2578 est,
1135 2524 1284 2570 hasce
1310 2524 1676 2587 propositiones
1703 2524 2030 2571 elementares
2058 2523 2246 2590 absque
2273 2520 2487 2566 admini-

199 2612 310 2659 culo
337 2612 558 2659 theoriae
583 2612 897 2659 residuorum
922 2618 1225 2674 potestatum
1253 2613 1492 2669 evolvere,
1531 2629 1630 2674 qua
1655 2613 1708 2659 in
1735 2612 1979 2659 auxilium
2006 2615 2180 2657 vocata
2205 2608 2372 2655 omnia
2398 2608 2486 2653 ad-

197 2702 294 2765 huc
320 2701 477 2748 multo
503 2699 700 2747 facilius
726 2701 1068 2748 demonstrare
1094 2701 1226 2748 licet.

369 2790 445 2837 Sit
470 2807 506 2852 9
536 2789 680 2837 radix
704 2790 957 2852 primitiva
982 2806 1071 2852 pro
1099 2791 1300 2837 modulo
1326 2808 1377 2854 p,
1417 2790 1505 2837 i.e.
1535 2781 1772 2837 numerus
1802 2789 1930 2843 talis,
1959 2794 2015 2834 ut
2038 2786 2091 2832 in
2118 2785 2241 2831 serie
2267 2789 2485 2845 potesta-

198 2885 305 2925 tum
335 2895 386 2941 9,
407 2894 496 2941 99,
519 2872 600 2941 93.
627 2916 635 2924 .
662 2916 671 2925 .
697 2916 706 2925 .
736 2878 878 2925 nulla
903 2884 1020 2926 ante
1046 2879 1177 2925 hanc
1214 2874 1338 2942 91””“1
1388 2879 1570 2926 unitati
1597 2878 1871 2926 secundum
1899 2873 2155 2921 modulum
2190 2888 2229 2935 p
2266 2886 2485 2932 congrua

199 2965 387 3013 evadat.
463 2966 605 3012 Tunc
631 2966 831 3013 residua
857 2967 1064 3014 minima
1088 2967 1302 3029 positiva
1324 2982 1645 3013 numerorum
1690 2975 1730 3021 1,
1753 2983 1801 3028 9,
1823 2981 1911 3027 99,
1936 2957 2011 3027 93.
2034 3000 2042 3008 .
2064 2998 2100 3007 ..
2111 2954 2242 3022 91η-2
2290 2966 2485 3021 praeter

199 3054 423 3101 ordinem
444 3064 563 3100 'cum
590 3054 667 3100 his
724 3062 764 3108 1,
797 3062 839 3111 2,
872 3062 896 3103 3
923 3091 1073 3104 .....
1087 3063 1228 3118 p—-l
1286 3055 1608 3110 convenient,
1648 3061 1698 3102 et
1729 3055 1781 3100 in
1807 3058 2020 3114 quatuor
2045 3048 2224 3095 classes
2252 3041 2482 3108 sequenti

203 3143 347 3189 modo
376 3142 765 3189 distribuentur:
