2618 3450
157 81 256 128 216
879 92 1128 126 NACHLASS.
1181 91 1400 123 ANALYSIS
1427 90 1736 123 uesmnomm.

1080 212 1262 273 ΡΑ-ι-
1283 213 1386 267 QB
1420 227 1488 261 Ξ
1521 221 1538 259 1
1791 178 1812 214 ἲ

157 308 311 354 Porro
337 322 452 353 vero
479 303 808 352 manifestum
831 308 928 356 est,

332 407 557 454 Dimens.
585 405 742 467 ipsius
780 403 1048 463 B—{-Dim.
1077 402 1236 465 ipsius
1274 418 1304 449 a
1341 416 1448 447 esse
1497 422 1563 442 --
1590 400 1802 450 Dim.A.

923 510 1055 557 Dim.
1079 508 1345 568 C÷Dim.
1363 509 1387 555 b
1413 509 1703 556 :Dim.B

1231 604 1324 645 etc,

922 687 1393 748 Dim.L-Q-Dim.k
1418 709 1481 729 =
1508 687 1715 735 Dim.K

159 781 327 833 Quare

719 863 1150 923 Dim.L—†—Sum.
1179 863 1313 910 Dim.
1331 880 1373 920 a,
1406 864 1444 917 b,
1478 901 1487 910 .
1518 900 1528 910 .
1556 863 1588 909 k
1615 885 1680 904 -τ
1707 862 1905 910 Dim.A

156 995 300 1040 Patet
321 1008 436 1039 vero
462 991 827 1038 dimensionem
854 990 1013 1053 ipsius
1051 978 1135 1038 α(””)
1174 991 1400 1051 adeoque
1428 989 1580 1037 etiam

383 1120 519 1167 Dim.
546 1119 703 1181 ipsius
750 1119 793 1173 Q
830 1135 937 1166 esse
976 1140 1041 1160 z
1070 1119 1206 1166 Sum.
1236 1118 1432 1173 Dim.a,
1462 1119 1500 1173 b,
1531 1135 1567 1173 e,
1598 1155 1607 1165 .
1639 1155 1647 1164 .
1678 1117 1710 1164 i.
1738 1133 1780 1165 e.
1812 1137 1876 1157 =
1904 1111 2226 1163 ot—Dim.L

157 1228 328 1290 itaque

732 1333 865 1380 Dim.
906 1333 1067 1396 ipsius
1093 1332 1145 1379 P
1168 1354 1234 1374 :z
1261 1330 1576 1379 6—Dim.L
1648 1330 1709 1383 Q.
1739 1330 1796 1377 E.
1825 1331 1888 1378 D.

1260 1554 1374 1595 336.

331 1638 468 1684 Hinc
504 1641 673 1683 autem
710 1634 964 1696 sequitur,
1005 1635 1048 1682 si
1095 1635 1163 1682 M
1203 1641 1279 1684 est
1317 1636 1502 1683 divisor
1541 1634 1821 1682 communis
1858 1635 2106 1682 maximae
2145 1636 2474 1685 dimensionis

156 1728 477 1775 functionum
525 1725 589 1781 A,
617 1725 666 1771 B
682 1763 690 1780 ‚
744 1741 941 1786 semper
967 1725 1087 1787 poni
1114 1742 1259 1788 posse

1074 1850 1569 1912 AP÷BQ÷M

330 1990 579 2053 Exempla
604 1990 952 2053 praecedentis
981 1991 1305 2038 theorematis
1333 1990 1592 2038 brevitatis
1618 1990 1780 2052 gratia
1806 1991 1998 2046 omitto,
2029 1992 2115 2038 sed
2141 1991 2353 2039 lectores
2374 2008 2476 2039 non

156 2082 431 2145 negligent,
472 2097 561 2143 per
587 2097 645 2127 ea
670 2078 969 2127 facilitatem
997 2080 1148 2127 huius
1175 2080 1374 2143 generis
1400 2079 1715 2142 problemata
1752 2081 1999 2127 tractandi
2040 2081 2136 2127 sibi
2170 2097 2473 2143 comparare.

157 2172 393 2218 Ceterum
421 2185 600 2231 operae
623 2168 845 2230 pretium
873 2169 968 2215 erit
995 2170 1282 2225 admonere,
1314 2171 1573 2217 theorema
1600 2170 1905 2231 praecedens
1932 2169 2085 2216 etiam
2113 2171 2174 2216 de
2200 2168 2479 2217 functioni-

156 2263 251 2307 bus
278 2260 507 2307 absolute
544 2259 723 2306 sumtis
760 2259 952 2314 valere,
992 2275 1207 2320 quarum
1235 2259 1442 2321 quidem
1478 2258 1809 2306 ooeffioientes
1838 2259 1939 2307 sint
1967 2260 2165 2306 numeri
2192 2260 2475 2308 rationales.

158 2349 273 2396 Hoc
299 2366 362 2395 ex
389 2347 832 2394 demonstrationis
861 2348 1009 2394 modo
1035 2364 1124 2410 per
1152 2365 1202 2395 se
1230 2348 1462 2396 elucebit.
1537 2347 1696 2394 Nobis
1725 2353 1893 2394 autem
1922 2348 1968 2393 ei
1993 2347 2063 2394 rei
2091 2348 2349 2395 immorari
2375 2366 2478 2396 non

157 2439 288 2485 licet.
364 2437 559 2484 Similia
584 2436 742 2484 lector
771 2436 923 2483 etiam
951 2453 1053 2483 non
1081 2438 1368 2485 admonitus
1396 2438 1449 2484 in
1478 2437 1807 2498 sequentibus
1834 2437 2135 2484 observabit.

333 2526 385 2573 Si
422 2525 471 2571 A
507 2541 598 2571 neo
625 2541 738 2571 cum
776 2525 825 2572 B
861 2541 954 2571 neo
981 2542 1094 2572 eum
1137 2526 1178 2572 O
1214 2527 1480 2573 divisorem
1508 2526 1660 2573 ullius
1690 2525 2017 2572 dimensionis
2045 2542 2363 2573 communem
2388 2527 2479 2573 ha—

158 2617 290 2668 beat,
331 2615 482 2662 etiam
510 2630 624 2659 eum
653 2614 896 2674 producto
935 2613 1040 2661 BC
1073 2614 1271 2661 nullum
1299 2615 1509 2662 habebit
1533 2615 1799 2661 divisorem
1836 2631 2167 2663 communem.
2243 2616 2320 2664 Sit
2345 2617 2478 2663 enim

675 2741 1148 2800 PA÷QB÷1.
1224 2743 1319 2790 erit
1391 2742 1970 2802 ΡΑΟ-Ι-ΩΒΟΞΟ

156 2882 265 2928 Iam
293 2881 335 2928 si
371 2880 420 2927 A
460 2897 574 2927 cum
612 2881 718 2928 ΒΟ
757 2881 1026 2927 divisorem
1064 2882 1132 2928 M
1174 2899 1491 2929 communem
1518 2882 1742 2938 haberet,
1781 2882 1862 2929 hic
1890 2882 2041 2929 etiam
2069 2882 2231 2944 ipsam
2277 2882 2319 2929 G
2353 2882 2480 2929 divi-

158 2972 299 3018 deret
326 2978 500 3018 contra
524 2971 641 3033 hyp.
718 2970 858 3016 Hine
884 2971 1188 3032 generaliter
1215 2971 1256 3017 si
1280 2971 1475 3018 functio
1521 2973 1569 3017 A
1607 2972 1670 3018 ad
1706 2972 1768 3026 B,
1802 2972 1856 3026 G,
1884 2971 1939 3018 D
1966 2978 2057 3019 etc,
2099 2971 2286 3032 prima,
2327 2971 2480 3018 etiam

158 3060 221 3106 ad
248 3059 472 3105 omnium
499 3061 803 3122 productum
829 3059 926 3106 erit
952 3059 1125 3121 prima.

334 3149 385 3195 Si
411 3149 549 3206 A‚B‚
573 3150 625 3204 O,
640 3149 694 3196 D
709 3156 803 3197 etc.
834 3149 1032 3196 nullum
1055 3150 1321 3197 divisorem
1342 3148 1563 3195 habeant
1578 3148 1813 3195 omnibus
1831 3163 2164 3203 communem,
2186 3146 2294 3194 fieri
2315 3152 2480 3209 potest
