2618 3450
1023 138 1349 170 COMMENTArro
1385 137 1605 169 SECUNDA.
2376 129 2471 177 103

345 260 641 308 Unitatibus
668 258 720 304 in
747 258 841 303 hac
878 258 1105 305 doctrina
1144 259 1333 306 utimur
1360 259 1640 320 quaternis,
1703 261 1819 317 -1-1,
1862 266 1976 313 —1‚
2017 261 2132 318 -l-i‚
2175 262 2284 314 —i,
2342 279 2469 325 quae

174 350 467 414 simpliciter
494 348 729 409 positiva,
759 345 1012 407 negativa,
1044 347 1256 407 positiva
1283 347 1600 410 imaginaria,
1630 346 1861 408 negativa
1886 346 2183 409 imaginaria
2207 350 2428 401 audient.

346 438 598 484 Producta
625 442 764 481 terna
791 433 1062 481 cuiuslibet
1089 435 1287 482 numeri
1315 435 1562 497 complexi
1589 451 1676 497 per
1716 442 1828 488 -—l,
1875 433 1929 498 -ξ-
1952 436 1979 489 i,
2023 437 2113 481 ——i
2156 436 2291 484 illius
2329 441 2474 487 socios

174 529 252 576 vel
278 540 492 574 numeros
518 524 583 569 sila·
607 524 862 569 associatos
888 522 1271 582 appellabimus.
1347 524 1573 584 Excepta
1609 523 1779 584 itaque
1817 523 1940 570 cifra
1969 525 2112 586 (quae
2141 526 2235 572 sibi
2262 527 2371 589 ipsa
2398 546 2474 576 as-

175 615 361 663 sociata
388 613 506 675 est),
549 626 745 670 semper
772 610 1005 669 quaterni
1034 612 1230 658 numeri
1258 613 1524 675 inaequales
1550 612 1779 658 associati
1807 619 1939 660 sunt.

346 703 534 749 Contra
560 714 768 745 numero
797 698 1056 758 complexo
1084 702 1373 747 coniunctam
1399 717 1631 762 vocamus
1660 719 1789 757 eum,
1829 704 1916 765 qui
1942 720 2030 765 per
2056 706 2473 766 permutationem

174 792 329 854 ipsius
367 792 384 836 z·
419 804 531 836 cum
572 789 663 833 ——i
699 786 816 833 inde
844 787 1017 833 oritur.
1095 788 1235 835 Inter
1269 805 1500 836 numeros
1534 790 1855 852 imaginarios
1882 792 2051 853 itaque
2079 793 2183 839 bini
2213 796 2477 857 inaequales

175 896 370 944 semper
396 876 650 926 coniuncti
676 881 806 929 sunt.
847 877 965 922 dum
994 877 1192 923 numeri
1218 878 1376 925 reales
1404 878 1499 925 sibi
1523 879 1619 940 ipsi
1647 886 1765 926 sunt
1793 880 2073 937 coniuncti,
2115 882 2360 942 siquidem
2389 884 2476 929 de-

175 967 573 1017 nominationem
601 966 662 1011 ad
689 965 777 1010 hos
806 966 1075 1011 extendere
1102 966 1281 1027 placet.

346 1057 654 1103 Productum
682 1053 878 1099 numeri
907 1054 1155 1115 complexi
1182 1071 1270 1116 per
1297 1071 1565 1102 numerum
1592 1056 1689 1117 ipsi
1716 1056 2039 1103 coniunctum
2068 1056 2331 1118 utriusque
2365 1074 2474 1105 nor-

174 1163 293 1194 mam
321 1160 568 1193 vocamus.
622 1142 719 1189 Pro
746 1157 921 1188 norma
946 1142 1118 1204 itaque
1145 1144 1341 1190 numeri
1367 1145 1528 1199 realis,
1557 1145 1712 1207 ipsius
1740 1145 2039 1205 quadratum
2068 1145 2351 1192 habendum
2382 1153 2471 1193 est.

349 1231 668 1281 Generaliter
694 1238 899 1278 octonos
928 1248 1163 1279 numeros
1191 1248 1344 1278 nexos
1372 1232 1639 1287 habemus,
1682 1239 1805 1295 puta

176 1761 262 1808 ubi
290 1763 411 1809 duas
439 1764 794 1824 quaterniones
822 1780 1144 1811 numerorum
1173 1763 1553 1817 associatorum,
1595 1769 1810 1823 quatuor
1836 1761 2064 1808 biniones
2093 1760 2472 1808 coniunctorum

177 1851 525 1912 conspicimus,
555 1853 884 1914 omniumque
905 1869 1080 1900 norma
1101 1853 1380 1899 communis
1402 1860 1478 1900 est
1515 1852 1742 1910 aa-4-bb.
1796 1850 1891 1898 Sed
1918 1858 2025 1897 octo
2055 1850 2248 1897 numeri
2270 1850 2330 1896 ad
2352 1866 2473 1910 qua—

177 1951 288 1988 tuor
309 1941 595 2003 inaequales
618 1945 942 1997 reducuntur,
968 1943 1163 2004 quoties
1185 1943 1263 1989 vel
1289 1959 1317 1988 a
1337 1964 1397 1983 -s
1413 1940 1524 2006 -l——b‚
1553 1941 1630 1988 vel
1654 1940 1890 1987 alteruter
1910 1955 2230 1986 numerorum
2257 1955 2298 1992 a,
2316 1939 2472 1985 bzs).

350 2031 391 2076 E
418 2032 790 2079 definitionibus
824 2032 986 2079 allatis
1012 2031 1243 2094 protinus
1272 2032 1546 2078 demanant
1573 2030 1859 2091 sequentia:

349 2120 598 2168 Producto
627 2121 840 2167 duorum
881 2137 1204 2168 numerorum
1244 2120 1618 2182 complexorum
1653 2119 1975 2166 coniunctum
2011 2124 2086 2164 est
2123 2117 2420 2178 productum
2448 2133 2473 2162 e

176 2208 417 2261 numeris,
458 2209 545 2270 qui
572 2209 671 2256 illis
700 2210 958 2257 coniuncti
986 2216 1119 2257 sunt.

350 2299 488 2344 Idem
517 2299 650 2347 valet
676 2300 735 2346 de
764 2301 1006 2361 producto
1033 2316 1059 2346 e
1087 2299 1316 2361 pluribus
1344 2296 1639 2351 factoribus,
1681 2312 1772 2343 nec
1800 2312 1899 2342 non
1926 2296 1986 2341 de
2013 2294 2368 2355 quotientibus.

348 2387 534 2434 Norma
559 2389 793 2450 producti
821 2405 846 2435 e
875 2390 1069 2436 duobus
1098 2388 1320 2436 numeris
1349 2387 1623 2449 complexis
1662 2384 1882 2446 aequalis
1920 2391 1997 2431 est
2024 2383 2263 2444 producto
2301 2398 2359 2430 ex
2388 2383 2475 2429 ho-

181 2492 289 2522 rum
318 2476 519 2524 normis.

350 2565 462 2611 Hoc
489 2581 689 2627 quoque
718 2567 973 2613 theorema
999 2567 1291 2613 extenditur
1317 2566 1378 2612 ad
1407 2565 1648 2627 producta
1668 2580 1693 2609 e
1716 2569 2036 2623 quotcunque
2056 2559 2325 2606 factoribus
2347 2565 2396 2605 et
2416 2559 2476 2604 ad

180 2654 481 2714 quotientes.

349 2741 582 2789 Cuiusvis
611 2742 808 2790 numeri
837 2744 1084 2805 complexi
1113 2743 1425 2807 (excipiendo
1453 2741 1651 2794 cifram,
1695 2740 1828 2801 quod
1865 2737 2161 2799 plerumque
2195 2734 2375 2781 abhinc
2403 2741 2474 2780 ta-

180 2831 275 2878 cite
304 2832 752 2895 subintelligemus)
781 2849 954 2879 norma
982 2839 1055 2879 est
1082 2848 1320 2878 numerus
1339 2832 1583 2894 positivus.

349 2920 584 2968 Ceterum
612 2921 741 2967 nihil
767 2922 954 2976 obstat,
996 2917 1263 2982 quominus
1291 2918 1605 2966 definitiones
1639 2921 1834 2962 nostrae
1867 2913 1929 2958 ad
1965 2910 2154 2957 valores
2189 2908 2370 2955 fractos
2398 2907 2477 2953 vel

180 3008 302 3054 adeo
329 3008 641 3055 irrationales
669 3008 891 3070 ipsorum
939 3027 982 3066 a,
1012 3010 1035 3056 b
1088 3010 1449 3062 extendantur;
1492 3007 1576 3052 sed
1631 3005 1804 3063 a-†-bz'
1847 3009 1967 3049 tunc
2006 3004 2200 3045 tantum
2237 3011 2474 3042 numerus

179 3096 467 3158 complexus
495 3097 688 3159 integer
723 3097 913 3152 audiet,
956 3099 1157 3159 quando
1194 3105 1383 3160 uterque
1431 3112 1473 3149 a,
1497 3096 1519 3141 b
1567 3100 1640 3141 est
1675 3094 1889 3152 integer,
1942 3095 2089 3147 atque
2126 3092 2242 3132 tunc
2281 3090 2472 3131 tantum

180 3184 460 3243 rationalis,
503 3186 705 3246 quando
730 3193 922 3249 aterque
959 3203 999 3241 a,
1030 3187 1053 3233 b
1088 3185 1343 3234 rationalis
1373 3191 1461 3231 est.
