2618 3450
762 175 821 204 Dr:
846 174 969 205 NEXU
993 175 1126 205 mma
1150 174 1494 205 MUL‘rrrUmNEM
1520 175 1738 206 anssnm
1762 176 1861 207 Ero.
2364 167 2462 214 2¹77

1295 303 1339 343 2.

342 384 423 429 Ad
448 382 760 444 propositum
799 390 1024 429 nostrum
1064 398 1187 444 opus
1223 384 1317 430 erit
1353 384 1658 430 theoremate
1697 400 1786 445 per
1820 400 1871 430 se
1898 384 2100 445 quidem
2137 387 2464 444 arithmetico,

170 472 310 518 cuius
341 479 506 517 tamen
532 470 753 517 indolem
790 470 1096 517 commodius
1132 477 1182 517 et
1216 471 1395 518 clarius
1422 488 1511 533 per
1538 471 1962 518 considerationes
1997 472 2047 519 in
2073 471 2233 520 forma
2270 491 2468 536 geome-

171 560 295 606 trica
319 559 630 605 exhibendas
658 559 721 604 ob
748 558 914 605 oculos
943 573 1128 619 ponere
1154 558 1286 605 licet.

344 647 605 708 Proposita
630 647 681 692 in
708 646 856 707 plano
883 646 1143 692 indefinito
1169 647 1329 708 figura
1354 662 1441 707 per
1467 646 1652 692 lineam
1674 647 2074 709 qualemcunque
2097 650 2376 704 terminata,
2405 651 2467 696 il-

171 735 267 780 lius
294 750 408 780 area
435 733 831 794 approximative
859 733 1101 794 assignari
1127 734 1333 794 poterit,
1376 734 1416 779 si
1454 733 1605 794 plano
1639 733 1692 779 in
1730 735 1974 794 quadrata
2010 735 2269 797 dispertito
2297 737 2468 784 multi-

172 823 291 868 tudo
320 830 425 868 tum
453 838 622 867 eorum
650 836 776 881 quae
802 821 998 882 integra
1024 827 1142 867 sunt
1166 822 1296 868 intra
1315 823 1539 883 figuram,
1570 827 1677 868 tum
1698 837 1868 868 eorum
1891 838 2018 883 quae
2040 823 2257 870 ambitus
2277 825 2466 886 figurae

171 917 326 960 secat,
368 915 684 960 numeretur,
726 907 1093 969 manifestoque
1122 926 1235 955 area
1255 909 1394 971 justo
1421 909 1583 955 minor
1608 908 1688 955 vel
1714 909 1871 956 maior
1897 911 2139 971 prodibit,
2168 920 2319 973 prout
2344 929 2466 973 qua-

170 1000 310 1044 drata
333 997 601 1057 posteriora
621 996 699 1042 vel
721 996 1021 1043 omittuntur
1043 997 1119 1043 vel
1139 997 1386 1058 prioribus
1403 998 1819 1044 adnumerantur:
1850 998 1890 1043 si
1911 1014 2025 1045 vero
2041 1001 2280 1059 quadrata
2301 1009 2466 1061 poste-

170 1086 299 1131 riora
323 1085 373 1130 in
399 1085 574 1130 limine
602 1085 720 1136 sita,
757 1086 819 1131 ad
847 1101 1071 1131 normam
1099 1086 1463 1146 qualiscunque
1490 1085 1740 1147 principii,
1779 1086 1962 1147 partim
1988 1088 2254 1135 excludere
2280 1090 2462 1150 partim

171 1175 498 1219 adnumerare
525 1173 781 1233 placuerit,
812 1189 946 1219 error
971 1175 1116 1220 modo
1143 1173 1386 1234 positivus
1414 1175 1560 1219 modo
1587 1174 1847 1235 negativus
1874 1190 1979 1221 esse
2005 1176 2200 1236 poterit,
2238 1193 2464 1224 necessa-

170 1263 241 1309 rio
269 1270 436 1308 tamen
464 1263 623 1308 minor
650 1278 799 1322 quam
828 1268 1149 1323 aggregatum
1178 1268 1470 1307 cunctorum
1498 1262 1853 1321 quadratorum
1879 1262 1932 1308 in
1957 1262 2144 1310 limine.
2232 1265 2344 1315 Quo
2371 1266 2464 1311 mi·

170 1367 291 1397 nora
318 1352 558 1411 quadrata
585 1350 916 1411 accipiantur,
956 1365 1013 1396 eo
1040 1350 1263 1396 exactius
1290 1349 1382 1394 hoc
1408 1350 1554 1395 modo
1581 1366 1695 1396 area
1729 1349 2171 1404 determinabitur,
2211 1352 2462 1413 talemque

169 1440 651 1500 approximationem
678 1439 731 1483 in
757 1439 1013 1486 infinitum
1041 1439 1316 1499 producere
1344 1438 1445 1484 sive
1472 1439 1716 1498 quadrata
1738 1445 1839 1485 tam
1860 1454 2011 1499 parva
2030 1439 2252 1500 accipere
2272 1439 2459 1494 licebit,

171 1536 223 1574 ut
250 1543 383 1573 error
409 1527 582 1587 quavis
610 1527 893 1587 quantitate
916 1527 1032 1572 data
1060 1526 1220 1572 minor
1247 1526 1436 1572 evadat.
1512 1526 1659 1577 Quod
1690 1542 1993 1587 quamquam
2026 1526 2124 1572 iam
2160 1543 2249 1588 per
2284 1544 2335 1574 se
2362 1529 2462 1574 evi·

171 1616 292 1660 dens
321 1630 426 1660 esse
453 1615 694 1666 videatur,
736 1621 903 1660 tamen
932 1613 1359 1660 demonstratione
1385 1613 1606 1674 rigorosa
1631 1613 1825 1659 munire
1850 1629 1950 1660 non
1977 1615 2370 1675 aspernabimur.

343 1702 469 1748 Bina
495 1703 739 1763 quadrata
764 1702 843 1747 vel
870 1717 1025 1747 unum
1054 1708 1296 1762 punctum
1325 1701 1588 1762 angulare,
1617 1701 1695 1748 vel
1720 1702 1842 1756 duo,
1870 1702 1949 1749 vel
1972 1702 2169 1749 nullum
2195 1719 2459 1751 commune

168 1793 349 1838 habere
376 1799 608 1852 possunt3
651 1791 702 1836 in
728 1806 845 1836 casu
873 1790 1033 1850 primo
1060 1796 1109 1835 et
1137 1790 1354 1835 secundo
1391 1790 1645 1850 contigua,
1686 1790 1736 1836 in
1764 1791 1911 1837 tertio
1938 1790 2189 1837 disiuncta
2215 1792 2453 1839 dicentur.

166 1879 434 1926 Manifesto
462 1880 716 1940 quadrata,
758 1894 884 1939 quae
912 1878 1080 1924 omnia
1103 1878 1234 1924 inter
1260 1893 1311 1923 se
1338 1877 1571 1938 contigua
1596 1877 1710 1933 sint,
1751 1885 1996 1938 quaterna
2020 1885 2215 1924 tantum
2244 1886 2458 1933 exstant,

167 1970 391 2029 adeoque
418 1968 546 2014 inter
573 1968 727 2028 quina
753 1968 996 2027 quadrata
1022 1966 1217 2013 diversa
1242 1967 1342 2012 duo
1369 1966 1431 2012 ad
1456 1966 1722 2013 minimum
1745 1966 1996 2014 disiuncta
2016 1966 2229 2014 inveniri
2255 1968 2455 2016 debent.

171 2059 271 2103 lam
303 2073 458 2116 quum
485 2055 722 2101 distantia
743 2055 874 2100 inter
900 2054 998 2100 duo
1025 2061 1213 2115 puncta
1237 2053 1290 2099 in
1317 2054 1571 2115 quadratis
1598 2054 1860 2101 disiunctis
1887 2055 1981 2102 sita
1999 2066 2213 2115 nequeat
2232 2072 2338 2102 esse
2366 2057 2458 2102 mi-

168 2162 259 2192 nor
296 2161 445 2205 quam
483 2144 612 2190 latus
651 2143 1030 2203 quadratorum,
1072 2143 1204 2202 quod
1243 2157 1331 2203 per
1378 2159 1406 2187 a
1454 2142 1852 2203 designabimus,
1892 2148 2054 2204 patet,
2096 2142 2136 2188 si
2161 2151 2401 2203 punctum
2430 2162 2459 2191 a

168 2248 468 2296 quocunque
495 2231 705 2278 alicuius
733 2230 962 2292 quadrati
990 2229 1097 2276 loco
1124 2228 1404 2290 profectum
1432 2230 1667 2290 deinceps
1695 2232 1994 2291 quadratum
2022 2232 2320 2284 secundum,
2362 2240 2458 2279 ter-

169 2324 316 2373 tium,
347 2327 581 2381 quartum
610 2318 873 2368 traiecerit,
902 2319 1102 2364 tandem
1131 2319 1192 2363 ad
1220 2318 1454 2378 quintum
1482 2318 1775 2378 pervenerit,
1804 2318 2171 2380 longitudinem
2198 2320 2305 2366 viae
2326 2331 2457 2367 certe

167 2426 267 2456 non
294 2425 401 2455 esse
431 2408 668 2452 minorem
707 2421 854 2466 quam
901 2423 945 2452 a.
1021 2406 1084 2452 Et
1119 2422 1272 2466 quum
1309 2406 1459 2452 simili
1495 2406 1687 2452 ratione
1725 2406 1766 2452 si
1791 2406 1925 2453 linea
1950 2407 2187 2454 continuo
2213 2409 2309 2455 alia
2335 2426 2457 2470 qua-

167 2501 306 2545 drata
332 2503 580 2559 permeat,
619 2510 732 2555 pars
773 2494 904 2541 inter
931 2495 1233 2554 quadratum
1261 2494 1488 2554 quintum
1518 2500 1569 2540 et
1593 2509 1807 2545 nonum.
1847 2509 1939 2540 nec
1974 2509 2074 2540 non
2110 2495 2242 2543 inter
2267 2513 2453 2544 nonum

168 2594 216 2635 et
242 2587 489 2633 decimum
518 2583 720 2630 tertium
748 2590 842 2629 eto.
871 2598 971 2628 non
999 2583 1156 2644 possit
1183 2599 1289 2629 esse
1316 2582 1477 2628 minor
1501 2598 1650 2643 quam
1689 2598 1732 2635 a,
1773 2580 1918 2628 facile
1940 2581 2241 2644 colligimus,
2270 2583 2454 2631 lineam

167 2688 518 2737 quamcunque
544 2672 594 2717 in
621 2687 672 2717 se
708 2671 864 2732 ipsam
904 2671 1219 2719 redeuntem.
1262 2686 1389 2731 quae
1416 2670 1621 2716 omnino
1657 2686 1688 2716 n
1724 2670 1968 2730 quadrata
2002 2669 2194 2715 diversa
2219 2671 2452 2732 attigerit,

1284 2737 1321 2780 (η
1334 2757 1373 2762 -
1392 2737 1457 2782 4)α

167 2771 299 2810 certo
340 2777 439 2807 non
479 2774 622 2820 posse
658 2773 764 2804 esse
801 2758 1044 2805 minorem
1083 2774 1232 2819 quam
1282 2788 1479 2831 --3-2
1558 2758 1680 2803 Vice
1719 2774 1859 2804 versa
1894 2758 2063 2818 itaque
2099 2757 2234 2804 linea
2272 2758 2450 2812 clausa,

171 2852 309 2897 cuius
347 2846 604 2909 longitudo
642 2854 716 2893 est
764 2868 827 2886 z
849 2847 883 2901 l,
943 2852 1078 2893 certo
1116 2847 1260 2907 plura
1298 2862 1447 2907 quam
1503 2826 1668 2918 4-4—{l
1720 2846 1962 2905 quadrata
1999 2844 2195 2890 diversa
2231 2846 2452 2907 attigisse

170 2954 269 2984 non
298 2942 475 2997 potest.
550 2935 774 2984 Quorum
802 2951 915 2981 area
954 2956 1017 2974 -τ
1042 2934 1338 2993 4αα-1-4αἰ
1373 2950 1526 2995 quum
1556 2935 1874 2980 decrescente
1910 2948 1939 2977 a
1975 2931 2026 2977 in
2053 2932 2304 2979 infinitum
2332 2950 2452 2993 qua-

168 3028 240 3072 vis
267 3023 549 3085 quantitate
577 3022 690 3067 data
717 3021 876 3068 minor
901 3022 1007 3069 fieri
1033 3022 1202 3082 possit,
1233 3022 1363 3068 idem
1391 3039 1419 3068 a
1444 3023 1623 3083 potiori
1649 3020 1834 3068 valebit
1860 3021 1919 3065 de
1940 3035 2101 3065 errore
2123 3021 2452 3080 quadraturae

170 3116 230 3160 de
256 3128 355 3173 qua
382 3125 533 3171 supra
558 3107 790 3154 diximus.
