2618 3450
161 91 259 139 213
884 107 1132 138 ΝΑΟΗιΑεε.
1190 106 1409 136 ANALYsrs
1436 105 1744 137 Rsssmuonum.

162 229 445 283 luissemus,
486 247 658 277 omnes
685 237 878 276 nostras
907 228 1283 290 disquisitiones
1309 235 1576 289 sequentes
1604 229 2067 292 incomparabiliter
2095 235 2390 282 contrahere
2415 233 2478 282 li-

165 319 372 371 cuisset:
417 321 501 366 sed
530 319 862 365 nihilominus
893 318 1159 363 maluimus
1188 317 1357 362 omnia
1383 333 1442 362 ex
1472 318 1732 380 principiis
1761 319 2008 367 deducere
2023 321 2080 381 ²¹⁸).

1265 499 1376 539 339.

342 584 394 630 F
395 586 630 630 unctiones
667 583 944 629 secundum
973 580 1232 627 modulum
1272 581 1658 628 determinatum
1692 583 1881 644 primae
1917 590 2185 640 vocantur,
2228 600 2355 645 quae
2391 600 2481 646 per

165 673 330 719 nullas
346 672 632 719 functiones
650 670 940 717 inferiorum
963 670 1335 716 dimensionum
1354 671 1627 716 secundum
1650 670 1787 716 hunc
1803 672 2063 718 modulum
2082 672 2236 718 dividi
2251 681 2477 734 possunt.

340 762 416 807 Ita
433 776 604 805 omnes
631 758 918 805 functiones
943 758 1092 804 unius
1121 759 1450 805 dimensionis
1469 766 1613 806 erunt
1633 759 1840 821 primae,
1862 759 2147 808 functiones
2167 769 2334 808 autem
2357 762 2479 807 dua·

165 867 275 895 rum
305 849 671 894 dimensionum
700 854 787 894 aut
814 855 963 894 erunt
1001 848 1193 909 primae
1229 854 1318 894 aut
1356 864 1417 894 ex
1454 847 1586 893 binis
1613 848 1761 894 unius
1791 849 2119 896 dimensionis
2148 850 2477 913 compositae:

164 954 319 998 quare
358 937 378 986 Ξ
416 937 511 983 erit
537 935 733 982 functio
772 936 933 997 prima
972 937 1185 983 duarum
1224 936 1620 988 dimensionum,
1662 936 1702 982 si
1743 939 2065 999 congruentia
2103 939 2215 990 ξΞ
2246 946 2271 984 Ο
2312 937 2479 985 nullas

165 1025 354 1072 radices
383 1024 539 1071 reales
567 1024 804 1071 admittit.
879 1024 973 1071 Ex.
1003 1041 1074 1086 gr.
1129 1029 1430 1084 oeoe÷oe÷1
1478 1041 1567 1086 pro
1595 1025 1798 1071 modulo
1843 1033 1866 1071 5
1908 1033 1983 1073 est
2011 1028 2195 1088 prima,
2235 1027 2353 1089 quia

830 1154 1125 1210 «τω-μανψ]
1157 1165 1224 1197 Ξ
1253 1146 1536 1211 (oe--2)²—
1555 1157 1578 1197 3
1598 1152 1744 1213 (mod.
1765 1153 1806 1213 5)

164 1298 214 1337 et
255 1297 278 1336 3
321 1290 708 1337 non-residuum
736 1290 1084 1352 quadraticum
1113 1291 1310 1337 numeri
1353 1298 1393 1336 5.

338 1380 450 1426 Hae
477 1396 591 1426 vero
618 1379 906 1426 functiones
933 1381 1123 1441 primae
1150 1396 1269 1440 prae
1302 1380 1534 1426 omnibus
1563 1379 1892 1427 attentionem
1926 1386 2149 1426 nostram
2176 1379 2479 1428 desiderant.

166 1470 406 1522 Quamvis
433 1471 567 1516 enim
595 1470 720 1516 aliae
741 1486 890 1530 quam
914 1468 1062 1530 primi
1082 1469 1265 1530 gradus
1288 1469 1350 1514 ad
1372 1468 1704 1515 inveniendas
1724 1468 1916 1514 radices
1937 1468 2095 1515 reales
2117 1468 2356 1515 inservire
2379 1483 2479 1516 non

164 1559 373 1621 possint,
404 1559 617 1621 amplior
643 1575 815 1605 earum
842 1557 1177 1605 consideratio
1206 1566 1310 1604 tum
1334 1558 1397 1603 ob
1424 1557 1646 1619 insignes
1673 1558 1894 1619 ipsarum
1924 1558 2252 1619 proprietates
2281 1566 2385 1605 tum
2415 1558 2478 1604 ob

165 1648 287 1694 alias
315 1648 540 1710 egregias
565 1648 798 1695 veritates
828 1665 888 1694 ex
916 1648 993 1693 his
1023 1648 1344 1694 deducendas
1374 1663 1479 1693 sese
1508 1648 1839 1694 commendat.

1264 1918 1377 1958 340.

336 2001 614 2047 THEOREMA.
695 1998 900 2045 Functio
927 2014 1226 2062 quaecunque
1252 2007 1338 2046 aut
1360 2007 1430 2046 est
1447 2001 1608 2062 prima
1630 2006 1715 2044 aut
1738 2014 1797 2044 ece
1808 1998 2141 2063 functionibus
2155 2002 2331 2064 primis
2357 2018 2478 2048 com-

154 2091 344 2153 posita3
372 2089 718 2151 posteriorz'que
744 2104 856 2134 casu
881 2089 1014 2134 ‘emico
1043 2095 1221 2134 tantum
1247 2088 1379 2135 modo
1406 2104 1429 2134 e
1441 2087 1770 2152 functionibus
1787 2088 1959 2150 primis
1984 2090 2197 2151 componi
2212 2096 2383 2152 potest.

340 2177 606 2224 Demonstr.
680 2177 792 2223 Nisi
821 2177 956 2223 enim
983 2175 1177 2224 functio
1203 2177 1459 2239 proposita
1505 2177 1553 2223 A
1602 2176 1666 2222 sit
1695 2176 1876 2237 prima,
1920 2193 2007 2238 per
2042 2177 2190 2224 aliam
2227 2176 2478 2227 inferioris

165 2266 489 2313 dimensionis
527 2266 575 2311 B
615 2265 879 2312 dividetur.
956 2266 1007 2311 Si
1051 2266 1100 2312 B
1145 2282 1246 2312 non
1274 2273 1350 2313 est
1375 2265 1571 2313 functio
1598 2265 1779 2327 prima,
1820 2281 1909 2327 per
1936 2265 2085 2313 aliam
2143 2266 2186 2313 O
2226 2266 2479 2315 inferioris

162 2356 343 2417 gradus
371 2355 638 2406 dividetur,
667 2354 836 2415 itaque
863 2356 1117 2416 pergendo
1145 2363 1295 2416 patet,
1336 2356 1540 2402 tandem
1569 2355 1630 2401 ad
1658 2354 1971 2401 functionem
1999 2354 2211 2416 primam
2238 2357 2476 2411 deveniri.

164 2444 402 2505 quoniam
431 2443 552 2489 alias
579 2443 702 2489 haec
730 2444 880 2490 series
908 2443 1036 2490 foret
1063 2444 1274 2496 infinita,
1305 2445 1454 2506 quod,
1495 2443 1733 2505 quoniam
1762 2443 2102 2490 dimensiones
2129 2452 2371 2506 perpetuo
2393 2447 2480 2493 de·-

164 2538 409 2584 crescunt,
439 2532 711 2577 absurdum
738 2540 826 2578 est.
899 2532 1012 2578 Jam
1043 2533 1083 2578 si
1109 2533 1288 2580 ultima
1320 2532 1514 2580 functio
1540 2533 1703 2595 prima
1730 2532 1793 2579 sit
1826 2532 1887 2585 L,
1930 2532 2054 2579 haec
2079 2549 2250 2580 omnes
2277 2541 2479 2582 antece-

162 2623 337 2669 dentes
364 2622 611 2667 metietur.
689 2620 857 2672 Quare
905 2621 952 2667 A
974 2636 1040 2668 Ξ
1060 2619 1176 2668 LA'
1221 2623 1413 2684 eritque
1462 2622 1521 2669 A'
1570 2621 1817 2669 inferioris
1857 2622 2184 2669 dimensionis
2212 2639 2361 2684 quam
2410 2624 2472 2671 A.

162 2711 312 2763 Quod
338 2709 521 2756 iterum
548 2709 635 2755 fiet
672 2707 809 2756 Α’Ξ
832 2708 962 2755 L'A‘'
980 2718 1091 2765 etc.‚
1132 2719 1282 2773 patet,
1313 2714 1516 2759 tandem
1545 2713 1607 2758 ad
1633 2710 1942 2758 functionem
1970 2710 2182 2771 primam
2211 2712 2475 2772 perveniri,

162 2800 385 2859 adeoque
424 2797 466 2842 A
505 2797 601 2843 erit
639 2811 704 2844 Ξ
743 2798 986 2858 producto
1014 2815 1039 2844 e
1066 2798 1413 2847 functionibus
1443 2801 1616 2862 primis
1653 2800 1713 2854 L,
1742 2800 1815 2855 L',
1845 2800 2028 2849 L''etc.
2071 2802 2150 2854 ·Q.
2181 2803 2237 2850 E.
2269 2804 2349 2851 Pr.

336 2887 443 2933 Iam
469 2885 510 2932 si
537 2885 688 2932 etiam
715 2895 847 2933 esset
894 2886 942 2932 A
963 2902 1029 2934 Ξ
1051 2887 1291 2934 MM'M''
1306 2897 1399 2936 etc.
1451 2906 1618 2951 neque
1644 2905 1817 2936 omnes
1856 2889 1919 2943 L,
1947 2887 2019 2945 L'‚
2047 2889 2221 2938 L''etc.
2272 2892 2476 2939 eaedem

160 2993 273 3024 cum
311 2975 543 3022 omnibus
610 2974 684 3029 Μ
713 2973 803 3026 M',
833 2975 894 3022 M
905 2974 922 2991 ''
951 2985 1070 3030 etc.‚
1143 2977 1409 3026 eiiciantur
1446 2995 1553 3036 eae,
1595 2996 1724 3041 quae
1764 2980 1966 3041 utrique
2002 2980 2147 3027 seriei
2184 2996 2475 3030 communes

312 3167 347 3213 *)
375 3166 461 3202 Alia
487 3167 609 3202 forsan
636 3168 828 3203 occasione
856 3168 901 3203 de
930 3169 997 3204 hac
1024 3182 1063 3204 re
1089 3171 1299 3216 opinionem
1328 3176 1490 3206 nostram
1517 3172 1630 3207 fusius
1659 3174 1935 3222 explicabimus.
