2618 3450
1034 130 1360 163 οοΜΜΕΝΤΑΤιο
1396 132 1617 164 SECUNDA.
2388 131 2447 177 12
2457 134 2481 177 7

184 249 440 296 character
482 246 576 293 hoc
627 252 857 308 respectu
906 248 1202 298 tribuendus
1251 259 1351 307 est,
1408 269 1506 315 quo
1553 254 1740 316 gaudet
1790 271 2028 303 numerus
2074 262 2353 321 systematis
2404 265 2479 314 illi

184 351 448 398 congruus.
1760 332 1774 339 “

354 423 508 469 Porro
534 421 704 468 ibinde
734 422 982 482 sequitur.
1025 425 1325 484 productum
1367 444 1392 473 e
1420 428 1615 474 duobus
1646 429 1857 476 residuis
1886 433 2217 492 quadraticis‚
2257 454 2349 485 nec
2376 457 2476 488 non

184 512 482 574 productum
508 527 534 558 e
561 511 754 556 duobus
781 511 1121 559 non-residuis
1149 530 1255 561 esse
1282 516 1536 562 residuum
1567 518 1942 577 quadraticum,
1984 530 2153 569 contra
2179 528 2477 585 productum

181 616 206 647 e
226 601 424 647 residuo
447 599 737 660 quadratico
758 598 808 644 in
831 601 1215 648 non-residuum
1232 604 1339 649 fieri
1357 606 1765 663 non-residuum;
1795 613 1845 654 et
1862 611 2165 671 generaliter
2180 617 2477 676 productum

182 705 208 735 e
235 696 558 750 quotcunque
584 686 856 734 factoribus
879 703 985 734 esse
1008 689 1257 737 residuum
1283 693 1631 752 quadraticum
1654 694 1732 741 vel
1753 698 2149 755 non-residuum,
2179 712 2327 764 prout
2349 707 2479 753 mul-

182 778 342 826 titudo
369 776 804 824 non-residuorum
833 776 964 823 inter
988 775 1201 824 factores
1228 795 1317 840 par
1345 780 1408 828 sit
1431 781 1510 828 vel
1535 781 1711 844 impar.

353 866 449 912 Pro
474 864 844 927 distinguendis
873 865 1086 912 residuis
1114 868 1418 926 quadraticis
1449 885 1477 915 a
1504 872 1846 921 non-residuis
1878 875 2043 922 statim
2078 893 2129 924 se
2161 878 2305 927 offert
2330 882 2475 929 crite-

180 957 310 1004 rium
336 954 568 1017 generale
596 970 832 1015 sequens:

352 1044 601 1091 Numerus
641 1042 671 1089 lc
709 1058 797 1104 per
822 1041 1080 1088 modulum
1109 1058 1208 1089 non
1235 1043 1499 1091 divisibilis
1526 1046 1674 1094 huius
1701 1049 1956 1096 residuum
1985 1052 2063 1098 vel
2090 1056 2471 1103 non—residuum

179 1133 525 1196 quadraticum
553 1138 647 1186 est,
689 1137 838 1192 prout
862 1130 1077 1178 habetur
1102 1131 1180 1178 vel
1230 1111 1506 1181 k÷(10—¹)3
1535 1141 1573 1187 1,
1623 1135 1701 1181 vel
1749 1116 1939 1183 hisp-¹)
1961 1153 2026 1187 Ξ
2049 1149 2139 1186 —1
2163 1141 2400 1205 (mod,m)‚

349 1222 547 1269 Veritas
574 1220 723 1267 huius
751 1219 1071 1267 theorematis
1100 1220 1269 1267 statim
1295 1220 1413 1268 inde
1441 1223 1681 1284 sequitur,
1709 1226 1857 1287 quod,
1887 1235 2090 1289 accepta
2109 1231 2273 1277 radice
2300 1233 2473 1294 primi-

178 1313 278 1360 tiva
305 1326 606 1374 quacunque
632 1324 722 1372 pro
749 1308 871 1359 basi,
910 1308 1062 1354 index
1088 1308 1348 1369 potestatis
1398 1290 1589 1356 kap-¹)
1635 1313 1692 1360 fit
1717 1313 1797 1361 vel
1842 1329 1908 1363 Ξ
1932 1322 1957 1361 Ο
2008 1316 2087 1364 vel
2136 1331 2201 1365 Ξ
2226 1319 2467 1383 ÷(p—l)‚

2234 1355 2239 1363 ι

2235 1369 2250 1378 u

175 1407 324 1463 prout
348 1401 502 1447 index
530 1398 726 1445 numeri
763 1398 795 1444 k·
831 1400 921 1459 par
947 1404 1023 1444 est
1049 1397 1127 1444 vel
1153 1397 1328 1459 impar.

1286 1671 1362 1711 57.

340 1754 506 1801 Facile
534 1753 735 1815 quidem
763 1757 852 1804 est,
884 1766 970 1812 pro
999 1751 1200 1798 modulo
1222 1753 1338 1799 dato
1360 1760 1578 1815 systema
1597 1753 1910 1801 residuorum
1932 1755 2316 1819 incongruorum
2339 1774 2469 1804 com-

174 1846 366 1907 pletum
393 1844 445 1890 in
473 1844 595 1890 duas
623 1842 829 1895 classes,
871 1846 992 1902 puta
1017 1841 1217 1887 residua
1245 1847 1296 1889 et
1321 1842 1651 1889 non-residua
1676 1844 1968 1904 quadratica
2001 1846 2333 1908 distinguere,
2371 1862 2469 1908 quo

176 1942 317 1997 pacto
345 1933 494 1980 simul
521 1932 753 1978 omnibus
780 1930 986 1991 reliquis
1014 1930 1234 1977 numeris
1261 1930 1443 1978 classes
1471 1947 1589 1978 suae
1616 1940 1794 1994 sponte
1821 1934 2151 1996 assignantur.
2227 1936 2297 1982 At
2323 1935 2468 1998 longe

175 2024 363 2072 altioris
389 2022 636 2084 indaginis
663 2026 738 2068 est
766 2019 991 2082 quaestio
1020 2020 1080 2065 de
1107 2020 1319 2067 criteriis
1347 2022 1409 2067 ad
1430 2021 1842 2084 distinguendum
1865 2023 2090 2070 modulos
2118 2039 2215 2079 eos,
2245 2040 2331 2086 pro
2357 2025 2468 2085 qui-

178 2115 267 2160 bus
290 2127 526 2158 numerus
550 2112 695 2157 datus
716 2117 793 2156 est
812 2109 1066 2155 residuum
1089 2109 1452 2170 quadraticum,
1476 2111 1537 2156 ab
1558 2110 1632 2165 iis,
1658 2127 1745 2173 pro
1767 2111 1949 2172 quibus
1971 2118 2046 2159 est
2066 2112 2465 2159 non-residuum.

347 2200 495 2252 Quod
522 2199 723 2260 quidem
752 2198 932 2245 attinet
958 2198 1017 2243 ad
1042 2198 1259 2245 unitates
1280 2199 1437 2246 reales
1477 2204 1569 2258 -1-1
1616 2206 1665 2246 et
1703 2207 1815 2253 —1‚
1855 2199 1947 2246 hae
1968 2199 2021 2245 in
2043 2199 2357 2248 arithmetica
2376 2216 2470 2247 nu—

173 2306 421 2337 merorum
444 2288 817 2349 complexorum
839 2292 958 2333 sunt
978 2303 1151 2348 reapse
1174 2287 1431 2348 quadrata,
1455 2289 1677 2349 adeoque
1698 2288 1847 2335 etiam
1864 2287 2063 2335 residua
2078 2288 2368 2349 quadratica
2381 2305 2468 2350 pro

172 2380 333 2443 quovis
360 2376 577 2425 modulo.
653 2378 829 2437 Aeque
854 2374 1000 2422 facile
1028 2392 1053 2422 e
1080 2377 1281 2423 criterio
1309 2383 1397 2424 art.
1427 2393 1590 2439 praec.
1621 2377 1866 2438 sequitur,
1907 2392 2172 2424 numerum
2211 2379 2228 2424 i
2267 2377 2333 2440 (et
2357 2394 2469 2440 per-

172 2469 287 2515 inde
329 2467 436 2529 -ἰ’)
477 2482 583 2513 esse
612 2465 867 2513 residuum
895 2465 1245 2526 quadraticum
1272 2466 1488 2514 cuiusvis
1517 2465 1720 2521 moduli,
1751 2466 1891 2512 cuius
1914 2481 2086 2512 norma
2113 2482 2151 2529 p
2190 2465 2253 2514 sit
2279 2464 2466 2513 formae

172 2563 196 2603 8
210 2560 367 2615 η-ξ-Ῑ,
409 2554 795 2601 non-residuum
817 2569 932 2601 vero
949 2554 1167 2601 cuiusvis
1182 2554 1386 2609 moduli,
1406 2555 1546 2601 cuius
1562 2571 1735 2602 norma
1755 2555 1820 2602 sit
1839 2553 2026 2601 formae
2058 2558 2198 2614 8η-Ι-
2213 2562 2255 2601 5.
2297 2555 2464 2606 Quum

169 2643 434 2692 manifesto
463 2642 591 2689 nihil
616 2643 829 2698 intersit,
859 2650 1029 2689 utrum
1055 2658 1294 2689 numerus
1332 2659 1398 2700 m,
1437 2660 1500 2690 an
1527 2644 1708 2705 aliquis
1736 2658 2057 2689 numerorum
2078 2642 2174 2704 ipsi
2199 2642 2465 2690 associato-

168 2753 277 2784 rum
326 2738 414 2789 im,
454 2751 598 2789 —m,
642 2736 782 2781 —im
829 2750 919 2796 pro
947 2734 1150 2781 modulo
1177 2735 1467 2796 adoptetur,
1509 2750 1791 2796 supponere
1827 2732 2019 2785 licebit,
2060 2731 2317 2778 modulum
2355 2747 2461 2778 esse

167 2824 521 2871 associatorum
549 2822 842 2884 primarium
872 2821 977 2884 (art.
999 2828 1076 2876 36,
1096 2822 1178 2883 ΙΙ),
1209 2824 1432 2884 adeoque
1460 2823 1724 2870 statuendo
1752 2820 2006 2868 modulum
2047 2841 2110 2860 z
2135 2820 2313 2879 a÷bi‚
2354 2835 2460 2865 esse

166 2931 195 2959 (ι
231 2912 490 2973 imparem,
531 2911 554 2957 b
594 2926 776 2972 parem.
855 2911 968 2963 Quo
989 2918 1134 2972 pacto
1162 2927 1316 2972 quum
1345 2927 1539 2972 semper
1566 2912 1629 2958 sit
1665 2928 1733 2958 aa
1753 2907 2104 2974 Ξ1(ηιο(1.8),
2145 2908 2203 2954 bb
2242 2923 2355 2955 vero
2382 2907 2458 2954 vel

164 3014 231 3048 Ξ
255 3006 279 3045 O
337 2998 417 3046 vel
465 3012 531 3045 Ξ
555 3005 579 3044 4
604 2997 750 3060 (mod.
771 3000 843 3061 8),
883 3007 1033 3061 prout
1070 3000 1092 3045 b
1131 2999 1196 3046 sit
1234 2999 1418 3061 pariter
1455 3016 1543 3061 par
1568 3000 1647 3048 vel
1673 2999 1930 3061 impariter
1957 3013 2057 3059 par,
2098 3001 2253 3057 patet,
2283 3011 2458 3042 nume-

164 3104 242 3135 ros
296 3088 384 3147 -fi-z·
419 3094 469 3134 et
509 3087 598 3131 —z'
642 3086 693 3132 in
722 3102 840 3133 casu
866 3087 1018 3148 priori
1045 3103 1152 3135 esse
1179 3087 1377 3135 residua
1402 3088 1694 3149 quadratica
1720 3086 1933 3139 moduli,
1970 3085 2021 3131 in
2048 3083 2305 3145 posteriori
2333 3100 2456 3130 non·
2508 3072 2514 3078 ’

165 3177 377 3224 residua.
