2618 3450
806 746 1223 790 THEOREMATIS
1255 745 1761 789 FUNDAMENTALIS

1257 892 1305 921 IN

455 1009 896 1063 DOCTRINA
936 1007 1045 1062 DE
1083 1008 1480 1062 RESIDUIS
1520 1009 2104 1066 QUADRATICIS

580 1192 1158 1235 DEMONSTRATIONES
1189 1193 1263 1234 ET
1300 1192 1734 1236 AMPLIATIONES
1765 1193 1982 1237 NOVAE.

305 1573 581 1619 Theorema
606 1549 985 1617 fundamentale
1022 1571 1082 1616 de
1116 1569 1329 1615 residuis
1366 1569 1694 1629 quadraticis‚
1743 1573 1875 1632 quod
1911 1573 2040 1621 inter
2069 1575 2428 1636 pulcherrimas

136 1659 477 1707 arithmeticae
515 1658 818 1705 sublimioris
854 1658 1090 1705 veritates
1130 1656 1368 1710 refertur,
1414 1655 1561 1703 facile
1599 1659 1802 1718 quidem
1840 1677 1929 1722 per
1964 1662 2307 1710 inductionem
2346 1665 2430 1711 de-

136 1755 342 1801 tectum,
381 1748 529 1809 longe
556 1762 670 1793 vero
698 1745 951 1792 difficilius
978 1746 1374 1792 demonstratum
1404 1752 1491 1791 est.
1568 1746 1775 1808 Saepius
1802 1747 1852 1793 in
1879 1748 1972 1795 hoc
1997 1765 2180 1810 genere
2207 1751 2429 1798 accidere

136 1836 279 1892 solet,
326 1844 383 1883 ut
417 1835 685 1883 veritatum
726 1833 1232 1896 simplicissimarum,
1281 1850 1409 1894 quae
1445 1835 1706 1881 scrutatori
1744 1852 1832 1897 per
1869 1836 2212 1884 inductionem
2253 1846 2429 1900 sponte

135 1926 278 1986 quasi
310 1941 360 1972 se
393 1924 627 1978 offerunt,
674 1923 1126 1970 demonstrationes
1160 1921 1548 1983 profundissime
1582 1923 1774 1970 lateant
1809 1931 1858 1971 et
1894 1933 2005 1986 post
2040 1927 2197 1973 multa
2227 1928 2427 1974 demum

135 2014 412 2061 tentamina
437 2012 599 2065 irrita,
626 2011 776 2073 longe
802 2009 928 2057 forte
955 2010 1051 2056 alia
1077 2026 1226 2071 quam
1253 2026 1353 2070 qua
1380 2011 1633 2070 quaesitae
1662 2020 1804 2059 erant
1830 2013 1927 2068 via,
1957 2015 2158 2060 tandem
2185 2015 2236 2060 in
2264 2015 2427 2061 lucem

135 2102 359 2165 protrahi
385 2101 591 2163 possint.
666 2099 797 2146 Dein
825 2099 961 2145 haud
988 2114 1098 2145 raro
1124 2099 1202 2147 fit.
1232 2115 1384 2159 quam
1412 2099 1627 2159 primum
1655 2116 1756 2145 una
1781 2100 1987 2147 inventa
2014 2108 2089 2148 est
2115 2101 2215 2153 via,
2245 2109 2300 2149 ut
2319 2103 2427 2165 plu—

132 2208 207 2238 res
233 2191 444 2238 subinde
470 2189 712 2251 patefiant
739 2188 800 2234 ad
827 2187 1037 2233 eandem
1072 2194 1257 2233 metam
1291 2188 1647 2248 perducentes,
1687 2187 1813 2234 aliae
1848 2189 2047 2254 brevius
2083 2197 2132 2236 et
2167 2190 2321 2252 magis
2354 2190 2429 2235 di-

133 2286 290 2335 recte,
336 2278 461 2324 aliae
488 2277 631 2338 quasi
657 2293 718 2323 ex
745 2275 949 2336 obliquo
977 2283 1025 2321 et
1051 2291 1079 2320 a.
1105 2274 1365 2336 principiis
1392 2275 1537 2336 longe
1564 2276 1770 2322 diversis
1797 2292 2024 2332 exorsae,
2067 2277 2199 2324 inter
2225 2293 2352 2338 quae
2379 2284 2429 2324 et

133 2367 475 2429 quaestionem
501 2364 807 2427 propositam
829 2363 910 2409 vix
931 2362 1090 2408 ullum
1112 2363 1368 2409 vinculum
1391 2363 1672 2425 suspicatus
1694 2363 1887 2410 fuisses.
1963 2365 2123 2411 Mirus
2143 2365 2429 2412 huiusmodi

133 2471 289 2502 nexus
311 2455 442 2501 inter
461 2453 692 2500 veritates
714 2450 1043 2498 abstrusiores
1064 2466 1163 2496 non
1186 2450 1345 2496 solum
1364 2451 1665 2511 peculiarem
1686 2454 1938 2513 quandam
1959 2462 2269 2501 venustatem
2294 2454 2427 2500 hisce

133 2542 639 2604 contemplationibus
666 2540 914 2593 conciliat,
944 2540 1030 2585 sed
1056 2539 1168 2584 ideo
1195 2555 1394 2599 quoque
1421 2541 1594 2586 sedulo
1620 2541 1906 2603 investigari
1932 2549 2082 2603 atque
2104 2543 2304 2588 enodari
2326 2558 2427 2588 me-

133 2639 282 2685 retur,
311 2632 444 2692 quod
470 2631 606 2676 haud
632 2645 740 2676 raro
761 2645 888 2675 nova
908 2627 1066 2688 ipsius
1088 2627 1325 2674 scientiae
1347 2627 1569 2674 subsidia
1587 2629 1665 2675 vel
1685 2629 1991 2676 incrementa
2010 2630 2123 2676 inde
2145 2631 2423 2675 demanant.

308 2808 414 2854 Etsi
440 2807 595 2868 igitur
622 2805 875 2852 theorema
898 2803 1286 2869 arithmeticum,
1316 2804 1376 2849 de
1403 2820 1501 2864 quo
1529 2805 1607 2850 hic
1635 2812 1830 2866 agetur,
1860 2821 1947 2866 per
1972 2821 2112 2851 curas
2143 2803 2423 2856 anteriores,

135 2912 261 2957 quae
287 2902 501 2956 quatuor
527 2892 978 2939 demonstrationes
1005 2890 1138 2936 inter
1166 2907 1215 2937 se
1243 2907 1441 2952 prorsus
1469 2893 1685 2939 diversas
1699 2894 1739 2956 *ἢ
1770 2893 2236 2954 suppeditaverunt,
2281 2890 2425 2950 plene

252 3029 284 3073 *)
311 3028 416 3062 Duae
444 3026 632 3071 expositae
659 3030 744 3059 sunt
769 3026 806 3059 in
825 3026 1123 3072 Dc‘squisz'tz’onum
1140 3024 1461 3059 Arithmtu‘carum
1489 3025 1586 3060 Sect.
1617 3031 1747 3071 quarta
1772 3030 1810 3059 et
1836 3025 1977 3070 quinta3
2006 3023 2116 3057 tertia
2141 3023 2177 3057 in
2205 3028 2425 3057 commenta-

135 3097 234 3131 tione
252 3094 425 3141 peculiari
444 3094 675 3139 (Commenta.
693 3092 775 3127 Soc.
797 3094 957 3139 Gottz'nq.
985 3094 1060 3128 Vol.
1082 3093 1125 3126 X
1133 3093 1221 3137 VI),
1252 3097 1382 3137 quarta
1399 3092 1536 3126 inserta
1555 3099 1610 3126 est
1628 3091 1945 3126 commentationi:
1975 3089 2174 3124 Summano
2193 3089 2425 3134 quarundam

136 3163 306 3198 seriorum
326 3161 559 3207 sz'nyularium
587 3159 815 3203 (Commenta.
834 3160 1074 3200 Recentiores,
1111 3160 1186 3194 Vol.
1210 3159 1236 3192 I
1244 3160 1269 3204 ).

185 3231 231 3265 ΙΙ.
2016 3232 2039 3271 7
