2618 3450
465 992 817 1048 THEORIA
856 993 1361 1046 RESIDUORUM
1408 990 2175 1049 BIQUADRATICORUM.

998 1192 1423 1238 COMMENTATIO
1453 1193 1652 1236 PRIMA.

1256 1586 1259 1591 ‘
1301 1579 1338 1618 1.

347 1663 560 1712 Theoria
584 1663 896 1710 residuorum
923 1661 1329 1722 quadraticorum
1356 1662 1418 1707 ad
1444 1676 1604 1722 pauca
1630 1660 1938 1710 theoremata
1964 1661 2359 1710 fundamentalia
2381 1679 2458 1711 re-

174 1754 387 1811 ducitur,
417 1752 766 1816 pulcherrimis
789 1750 1153 1797 Arithmeticae
1174 1750 1487 1797 Sublimioris
1509 1748 1717 1796 cimeliis
1738 1750 2124 1807 adnumeranda,
2153 1768 2279 1812 quae
2300 1752 2458 1813 primo

173 1858 263 1903 per
288 1841 630 1888 inductionem
655 1838 802 1886 facile
829 1839 1038 1893 detecta,
1068 1855 1124 1885 ac
1150 1839 1264 1885 dein
1290 1837 1571 1886 multifariis
1592 1839 1750 1885 modis
1771 1839 1842 1886 ita
1861 1839 2200 1888 demonstrata
2219 1857 2323 1888 esse
2343 1857 2458 1888 con—

174 1937 291 1983 stat,
333 1938 389 1977 ut
415 1929 544 1976 nihil
571 1928 785 1990 amplius
813 1927 1197 1975 desiderandum
1224 1927 1454 1974 relictum
1482 1927 1560 1973 sit.

345 2021 515 2082 Longe
540 2034 656 2066 vero
683 2018 870 2065 altioris
897 2016 1146 2078 indaginis
1173 2022 1248 2062 est
1272 2016 1462 2063 theoria
1481 2015 1792 2062 residuorum
1816 2016 2100 2062 cubicorum
2122 2024 2172 2064 et
2192 2017 2457 2079 biquadra-

172 2110 399 2156 ticorum.
474 2108 636 2160 Quam
673 2123 829 2168 quum
864 2105 982 2152 inde
1015 2106 1077 2151 ab
1113 2120 1245 2151 anno
1278 2110 1405 2150 1805
1434 2103 1731 2166 perscrutari
1766 2104 2120 2165 coepissemus,
2162 2112 2354 2167 praeter
2380 2122 2451 2161 ea,

171 2215 297 2260 quae
324 2198 467 2259 quasi
492 2198 544 2244 in
572 2196 747 2243 limine
774 2203 890 2242 sunt
916 2194 1103 2256 posita,
1142 2192 1389 2239 nonnulla
1415 2192 1613 2253 quidem
1644 2191 1949 2240 theoremata
1976 2194 2208 2255 specialia
2234 2211 2284 2241 se
2310 2196 2455 2243 obtu—

170 2288 350 2341 lerunt,
392 2296 497 2333 tum
526 2291 727 2348 propter
755 2283 1124 2345 simplicitatem
1154 2298 1320 2331 suam.
1362 2287 1468 2328 tum
1505 2287 1707 2342 propter
1740 2281 2216 2329 demonstrationum
2245 2284 2455 2331 difficul-

172 2383 325 2423 tatem
352 2375 495 2422 valde
521 2374 764 2436 insignia:
794 2389 910 2419 mox
935 2386 1052 2418 vero
1074 2370 1419 2432 comperimus,
1448 2369 1691 2431 principia
1709 2369 2069 2417 Arithmeticae
2093 2371 2332 2418 hactenus
2354 2373 2455 2419 usi-

170 2472 273 2512 tata
291 2464 353 2510 ad
374 2464 612 2510 theoriam
635 2461 918 2524 generalem
940 2459 1292 2506 stabiliendam
1313 2458 1605 2519 neutiquam
1628 2457 1864 2511 sufficere,
1894 2459 2014 2519 quin
2034 2460 2199 2520 potius
2220 2460 2347 2506 hanc
2368 2477 2453 2507 ne-

169 2553 378 2601 cessario
405 2553 671 2614 postulare,
701 2559 757 2597 ut
782 2565 987 2611 campus
1008 2547 1370 2594 Arithmeticae
1397 2547 1710 2594 Sublimioris
1737 2546 1974 2593 infinities
2001 2549 2142 2609 quasi
2168 2564 2453 2609 promovea-

169 2649 263 2697 tur,
293 2642 425 2701 quod
452 2641 700 2700 quomodo
727 2638 1114 2700 intelligendum
1142 2636 1221 2689 sit,
1249 2636 1300 2681 in
1329 2635 1708 2682 continuatione
1730 2635 1903 2681 harum
1927 2636 2330 2697 disquisitionum
2351 2638 2450 2683 cla-

167 2730 358 2776 rissime
387 2729 619 2775 elucebit.
694 2727 1077 2788 Quamprimum
1106 2727 1238 2772 hunc
1267 2742 1495 2787 campum
1525 2741 1708 2771 novum
1736 2725 1944 2786 ingressi
1969 2742 2162 2778 sumus,
2199 2727 2361 2773 aditus
2387 2728 2448 2773 ad

166 2817 500 2879 cognitionem
520 2816 885 2862 theorematum
909 2815 1388 2876 simplicissimorum
1411 2821 1565 2860 totam
1587 2813 1828 2859 theoriam
1846 2814 2246 2859 exhaurientium
2269 2830 2354 2875 per
2375 2815 2450 2861 in-

166 2906 451 2952 ductionem
473 2905 641 2951 statim
665 2904 848 2965 patuit:
879 2905 964 2950 sed.
985 2905 1206 2965 ipsorum
1227 2902 1674 2949 demonstrationes
1703 2913 1802 2948 tam
1830 2901 2072 2964 profunde
2098 2901 2363 2957 latuerunt,
2392 2910 2448 2950 ut

167 3001 278 3055 post
304 2993 463 3040 multa
488 2994 690 3039 demum
719 2992 996 3039 tentamina
1020 2993 1161 3039 irrita
1187 2992 1390 3039 tandem
1415 2991 1469 3037 in
1494 2990 1660 3038 lucem
1686 2990 1907 3052 protrahi
1932 2989 2197 3051 potuerint.

334 3081 504 3133 Quum
529 3081 628 3127 iam
655 3081 718 3126 ad
743 3080 1194 3143 promulgationem
1219 3080 1398 3127 harum
1417 3078 1822 3126 lucubrationum
1848 3077 2177 3139 accingamur,
2206 3093 2234 3123 a
2259 3077 2448 3126 theoria

165 3169 478 3216 residuorum
504 3168 964 3229 biquadraticorum
990 3168 1190 3216 initium
1216 3166 1472 3223 faciemus,
1511 3173 1560 3214 et
1585 3167 1790 3228 quidem
1816 3167 1868 3213 in
1894 3166 1985 3212 hac
2012 3165 2171 3227 prima
2197 3180 2447 3214 commen-

1999 3260 2023 3299 9
2044 3255 2067 3279 *k
