2618 3450
162 153 256 200 110
810 159 1009 190 THEomA
1035 155 1329 188 REsmUORUM
1354 153 1806 192 quuADRAricORUM.

157 306 214 342 m,
244 288 311 340 Μ’,
348 297 361 333 1
410 285 623 332 formare
642 283 999 345 proportionem.
1054 278 1149 323 Sed
1179 275 1458 321 uberiorem
1485 274 1635 321 huius
1663 275 1735 321 rei
1763 275 2114 322 tractationem
2136 276 2198 322 ad
2218 275 2368 322 aliam
2390 293 2473 323 oc-

159 379 411 425 casionem
439 374 584 420 nobis
612 386 935 418 reservamus.
1015 365 1372 416 Difficultates,
1410 363 1594 423 quibus
1632 364 1822 410 theoria
1860 364 2198 424 quantitatum
2227 364 2471 427 imagina—

160 468 345 513 riarum
372 462 596 510 involuta
623 466 852 521 putatur.
895 457 955 502 ad
995 470 1222 515 magnam
1262 460 1452 513 partem
1493 469 1520 497 a
1547 453 2046 500 denominationibus
2073 470 2249 515 parum
2277 454 2470 501 idoneis

158 555 398 616 originem
426 557 689 598 traxerunt
717 535 1038 607 <quu1n'adeo
1066 542 1270 602 quidam
1299 540 1377 585 usi
1405 540 1504 586 sint
1530 541 1734 586 nomine
1771 542 1960 587 absono
2003 542 2341 602 quantitatum
2378 542 2471 588 im-

161 641 508 707 possibilium),
583 638 652 687 si,
695 651 721 680 a
759 633 1105 694 conceptibus,
1147 646 1270 690 quos
1308 629 1524 676 offerunt
1551 630 1816 677 varietates
1845 632 2055 677 duarum
2085 631 2468 685 dimensionum,

161 731 347 793 (quales
376 729 428 774 in
457 725 674 772 maxima
701 721 920 782 puritate
948 719 1324 780 conspiciuntur
1349 717 1401 762 in
1429 717 1784 765 intuitionibus
1813 720 1978 783 spatii)
2009 718 2235 782 profecti,
2271 721 2471 781 quanti·

161 831 287 868 tates
317 816 552 880 positivas
575 813 801 864 directas,
832 810 1086 871 negativas
1109 808 1346 860 inversas,
1376 806 1694 868 imaginarias
1716 808 1948 855 laterales
1972 810 2467 871 nuncupavissemus,

161 927 248 972 pro
277 907 410 955 tricis
439 901 757 964 simplicitas,
799 914 887 960 pro
915 897 1128 958 caligine
1157 895 1356 942 claritas
1386 896 1717 943 successisset.

1277 1079 1354 1118 39.

335 1170 476 1220 Quae
503 1167 555 1211 in
584 1172 675 1211 art.
705 1179 868 1225 praec.
899 1162 1093 1224 prolata
1122 1169 1263 1215 sunt,
1303 1162 1364 1207 ad
1392 1162 1697 1222 quantitates
1735 1161 2021 1223 complexas
2050 1163 2314 1210 continuas
2342 1162 2469 1210 refe-

164 1267 364 1307 runtur:
395 1257 446 1302 in
471 1253 801 1305 arithmetica,
830 1267 958 1313 quae
981 1251 1331 1298 tantummodo
1353 1251 1484 1296 circa
1504 1266 1737 1297 numeros
1759 1251 1980 1313 integros
2002 1258 2241 1305 versatur,
2272 1253 2471 1299 schema

163 1362 483 1396 numerorum
513 1343 888 1405 complexorum
918 1341 1013 1387 erit
1040 1348 1254 1403 systema
1276 1350 1581 1401 punctorum
1603 1340 2050 1401 aequidistantium
2072 1349 2122 1389 et
2147 1342 2199 1387 in
2222 1343 2366 1390 rectis
2389 1359 2471 1389 ae-

163 1434 557 1499 quidistantibus
579 1433 650 1480 ita
671 1431 1041 1493 dispositorum,
1070 1436 1128 1476 ut
1153 1429 1361 1491 planum
1383 1429 1638 1476 infinitum
1660 1429 1710 1475 in
1733 1429 1925 1476 infinite
1947 1430 2106 1477 multa
2127 1433 2369 1491 quadrata
2389 1448 2471 1478 ae-

165 1527 333 1589 qualia
359 1522 670 1585 dispertiant.
749 1522 937 1566 Omnes
965 1519 1163 1565 numeri
1189 1534 1277 1580 per
1304 1534 1569 1564 numerum
1598 1518 1915 1579 complexum
1944 1519 2116 1566 datum
2155 1521 2321 1576 a—l—bz'
2339 1542 2403 1561 --
2427 1536 2471 1566 m

166 1614 440 1662 divisibiles
467 1612 589 1658 item
615 1609 814 1657 infinite
841 1607 1002 1655 multa
1028 1608 1272 1668 quadrata
1297 1606 1601 1660 formabunt,
1644 1623 1856 1668 quorum
1883 1608 2040 1655 latera
2084 1629 2149 1649 -—-·
2173 1604 2206 1673 ts
2218 1608 2378 1670 (aa-l-
2396 1609 2469 1670 bb)

166 1706 267 1752 sive
296 1718 439 1750 areae
477 1722 542 1742 :z
564 1699 803 1758 cta—l—bb3
844 1698 1089 1759 quadrata
1113 1697 1388 1757 posteriora
1414 1698 1476 1742 ad
1502 1696 1669 1757 priora
1688 1697 1932 1744 inclinata
1953 1705 2114 1752 erunt,
2145 1698 2340 1758 quoties
2362 1698 2474 1758 qui-

167 1796 279 1841 dem
306 1801 483 1838 neuter
504 1804 826 1835 numerorum
864 1804 907 1840 a,
933 1786 956 1833 b
995 1792 1070 1832 est
1106 1807 1170 1826 :-
1198 1792 1239 1831 Ο.
1316 1785 1487 1832 Cuivis
1510 1801 1717 1832 numero
1739 1802 1826 1847 per
1848 1786 2106 1832 modulum
2145 1803 2188 1832 m
2225 1802 2324 1833 non
2349 1787 2474 1833 divi-

170 1882 302 1929 sibili
327 1877 653 1941 respondebit
677 1881 924 1938 punctum
952 1875 1031 1922 vel
1067 1875 1200 1922 intra
1228 1875 1325 1921 tale
1362 1875 1664 1935 quadratum
1703 1875 1854 1921 situm
1880 1876 1959 1922 vel
1997 1877 2049 1921 in
2083 1876 2240 1922 latere
2279 1877 2474 1923 duobus

170 1970 424 2035 quadratis
453 1967 709 2029 contiguo;
752 1964 997 2027 posterior
1023 1973 1192 2011 tamen
1219 1979 1362 2010 casus
1389 1963 1556 2009 locum
1584 1963 1767 2011 habere
1795 1965 1996 2026 nequit,
2025 1965 2122 2011 nisi
2160 1982 2203 2017 a,
2236 1966 2259 2011 b
2298 1966 2482 2011 diviso-

168 2078 271 2108 rem
296 2073 611 2105 communem
633 2056 847 2101 habent:
878 2068 1025 2115 porro
1045 2059 1199 2114 patet,
1222 2068 1455 2099 numeros
1479 2053 1757 2099 secundum
1780 2053 2040 2100 modulum
2077 2071 2122 2100 m
2160 2070 2403 2117 congruos
2430 2055 2482 2100 in

168 2151 423 2212 quadratis
453 2148 553 2195 suis
580 2148 713 2194 locos
736 2151 1070 2207 congruentes
1098 2160 1357 2205 occupare.
1435 2144 1573 2189 Hinc
1592 2143 1739 2190 facile
1761 2142 2091 2195 concluditur,
2121 2143 2162 2188 si
2183 2142 2482 2205 colligantur

168 2256 339 2286 omnes
377 2237 571 2284 numeri
604 2236 739 2282 intra
774 2234 1076 2295 quadratum
1115 2233 1505 2280 determinatum
1543 2233 1649 2286 siti,
1690 2248 1783 2278 nec
1818 2248 1916 2278 non
1955 2248 2125 2278 omnes
2153 2233 2239 2293 qui
2275 2231 2401 2279 forte
2427 2233 2480 2278 in

171 2330 366 2375 duobus
394 2328 500 2373 eius
528 2325 768 2373 lateribus
792 2340 893 2370 non
922 2322 1164 2384 oppositis
1192 2322 1415 2376 iaceant,
1446 2323 1664 2383 denique
1691 2322 1768 2368 his
1796 2321 2107 2367 adscribatur
2134 2337 2371 2368 numerus
2393 2338 2482 2383 per

170 2435 211 2463 m
250 2414 528 2467 divisibilis,
557 2413 732 2459 haberi
759 2419 976 2474 systema
1003 2412 1308 2473 completum
1330 2413 1644 2459 residuorum
1667 2412 2056 2473 incongruorum
2081 2411 2355 2457 secundum
2376 2426 2480 2456 mo-

173 2505 348 2551 dulum
387 2520 444 2558 m,
482 2504 511 2549 i.
537 2519 578 2550 e.
607 2502 834 2563 quemvis
861 2502 1111 2563 integrum
1139 2501 1291 2547 alicui
1312 2518 1373 2548 ex
1394 2501 1493 2548 illis
1517 2509 1565 2548 et
1585 2501 1788 2562 quidem
1811 2501 1960 2546 unico
1985 2508 2180 2547 tantum
2203 2516 2480 2563 congruum

171 2610 277 2640 esse
306 2593 499 2639 debere.
575 2591 683 2637 Nec
710 2589 912 2637 difficile
939 2589 1069 2636 foret
1095 2591 1383 2644 ostendere,
1424 2591 1605 2636 horum
1644 2591 1957 2636 residuorum
1996 2589 2372 2636 multitudinem
2400 2605 2480 2635 ae-

173 2682 371 2744 qualem
400 2697 506 2727 esse
533 2680 724 2726 moduli
750 2695 970 2734 normae,
1010 2685 1133 2740 puta
1172 2700 1236 2719 z:
1258 2679 1483 2737 αα-ὶ-ὒῖὶ.
1560 2679 1656 2725 Sed
1696 2678 1980 2725 consultum
2007 2678 2221 2732 videtur,
2251 2679 2345 2725 hoc
2369 2694 2482 2740 gra-

172 2771 429 2817 vissimum
460 2770 714 2816 theorema
740 2768 838 2815 alio
866 2768 1013 2814 modo
1041 2782 1165 2828 pure
1192 2766 1507 2814 arithmetico
1536 2768 1894 2815 demonstrare.

1292 2952 1370 2992 40.

347 3037 625 3084 THEOREMA.
702 3034 966 3082 Secundum
991 3034 1225 3081 modulum
1250 3035 1535 3097 compleoeum
1561 3035 1722 3082 datum
1767 3049 1811 3079 m
1837 3053 1902 3073 z:
1930 3032 2118 3090 a÷bi‚
2158 3033 2290 3078 cuius
2314 3045 2476 3076 norma

173 3124 387 3182 aa—l-bb
415 3145 479 3165 Ξ
498 3140 550 3186 p,
590 3131 636 3170 et
650 3139 742 3188 pro
768 3139 855 3185 quo
894 3139 936 3175 α,
967 3123 990 3169 b
1027 3130 1139 3169 sunt
1174 3125 1353 3169 numeri
1389 3125 1507 3170 inter
1532 3139 1582 3170 se
1612 3124 1772 3186 primi,
1801 3121 1987 3185 quilibet
2009 3122 2185 3183 inteyei·
2212 3118 2478 3182 complexus

175 3227 403 3274 conyruus
430 3214 518 3259 erit
540 3213 681 3259 alicui
702 3211 891 3259 residuo
917 3228 940 3258 e
964 3214 1081 3258 serie
1136 3218 1179 3267 Ο,
1215 3220 1255 3266 1,
1289 3218 1330 3266 2,
1364 3218 1388 3258 3
1416 3250 1422 3259 .
1449 3250 1457 3258 .
1487 3250 1494 3259 .
1522 3249 1530 3258 .
1546 3218 1709 3276 p-——1‚
1762 3218 1808 3257 et
1828 3225 1920 3257 non
1937 3209 2167 3273 pluribus.
