2618 3450
797 123 1156 164 D1SQU1s1T10NEs
1183 126 1446 159 GENERALES
1470 127 1532 158 DE
1557 126 1903 159 CONGRUENTIIS.
2169 101 2172 104 Δ
2395 116 2494 165 237

204 237 431 302 tiplicata
457 258 546 304 per
588 249 640 290 8:
688 249 1062 305 oeoe÷4oe÷43
1116 253 1167 294 at
1205 264 1366 309 quum
1396 249 1476 295 hic
1513 249 1697 298 divisor
1735 248 1800 296 sit
1847 264 1914 297 Ξ
1941 246 2162 315 (ω-Ι-ἳῩ,
2212 251 2407 302 functio
2445 255 2503 305 X

197 344 288 390 per
333 330 454 390 (oe-†—
470 326 538 395 2)³
583 332 738 379 dividi
779 334 964 395 poterit
999 336 1333 398 quotiensque
1370 337 1472 401 (qui
1511 345 1586 386 est
1631 339 1868 404 «ΜΗ-11)
1907 341 2106 390 nullum
2132 344 2348 407 amplius
2372 347 2500 397 divi-

194 433 354 464 sorem
383 419 638 481 duplicem
663 421 888 470 involvit.

1190 607 1304 649 370.
1380 609 1494 651 371.

366 684 417 731 Si
443 701 506 731 ex
545 682 638 749 ἐξ.
666 703 859 748 praecc,
888 685 1082 735 functio
1128 690 1184 736 X
1216 689 1287 736 ita
1312 696 1387 738 est
1411 692 1637 739 exhibita
1681 681 1832 741 AaBb
1850 694 1915 742 0⁶
1936 700 2049 750 etc.,
2088 696 2160 746 ita
2183 704 2240 746 ut
2274 698 2336 755 A,
2363 699 2427 756 B,
2458 699 2504 747 C

196 778 288 820 etc,
316 771 448 820 inter
475 789 526 820 se
554 774 653 820 sint
679 775 867 837 primae
895 782 944 823 et
978 778 1175 824 numeri
1222 796 1266 832 a,
1296 779 1334 834 b,
1364 796 1386 825 c
1414 785 1507 827 etc.
1554 780 1871 842 inaequales,
1912 784 2151 832 resolutio
2188 787 2340 835 etiam
2366 789 2498 837 ulte-

192 861 295 908 rius
323 863 526 908 extendi
553 870 731 924 potest.
806 865 880 912 Sit
905 865 1073 927 itaque
1115 867 1172 913 X
1204 866 1411 923 functio,
1454 885 1583 930 quae
1609 870 1773 917 nullos
1807 872 2022 933 amplius
2049 873 2285 922 divisores
2313 892 2497 939 aequa-

191 950 264 997 les
290 951 514 998 involvit.
592 953 756 1014 Supra
781 954 1017 1008 vidimus,
1074 955 1254 1002 25²⁹—oe
1300 972 1407 1002 esse
1449 958 1745 1019 productum
1787 976 1849 1006 ex
1885 961 2119 1010 omnibus
2148 962 2496 1017 functionibus

190 1040 363 1103 primis
391 1041 542 1088 unius
570 1041 910 1090 dimensionis.
985 1044 1060 1090 Sit
1097 1044 1117 1095 ξ
1155 1044 1337 1090 divisor
1365 1047 1641 1093 communis
1670 1048 1915 1095 maximae
1936 1050 2260 1101 dimensionis
2280 1055 2497 1106 functio-

186 1148 308 1179 num
347 1132 405 1179 X
440 1137 490 1177 et
525 1131 727 1184 xP-oe‚
770 1132 865 1179 erit
903 1131 922 1183 ξ
960 1133 1258 1193 productum
1286 1149 1348 1179 ex
1375 1135 1607 1181 omnibus
1633 1136 1933 1185 divisoribus
1962 1139 2121 1202 ipsius
2159 1143 2218 1190 X
2250 1146 2400 1195 unius
2421 1148 2498 1196 di-

607 1200 651 1234 X

187 1222 461 1269 mensionis
479 1260 486 1276 ,
518 1227 567 1268 et
608 1251 647 1299 -ξ-

187 1311 371 1366 matur,
400 1309 683 1358 functiones
725 1309 781 1356 X
814 1315 864 1357 et
900 1309 1083 1357 ,τῖ’-σι’
1121 1326 1227 1357 esse
1253 1310 1387 1358 inter
1414 1327 1465 1357 se
1491 1311 1691 1373 primas,
1733 1313 1791 1359 X
1824 1315 2023 1363 nullum
2050 1317 2315 1368 divisorem
2342 1323 2492 1372 unius

693 1221 982 1267 huiusmodi
1010 1221 1247 1268 divisores
1274 1238 1374 1268 non
1402 1223 1617 1284 amplius
1643 1224 1866 1273 habebit.
1940 1227 2133 1280 Quodsi
2157 1238 2325 1281 autem
2351 1234 2492 1284 inve-

187 1400 516 1447 dimensionis
550 1399 759 1446 habebit
795 1399 1019 1460 adeoque
1058 1399 1381 1460 congruentia
1438 1400 1495 1446 X
1517 1414 1584 1448 Ξ
1614 1407 1639 1446 Ο
1704 1402 1897 1450 radices
1935 1405 2091 1453 reales
2128 1425 2231 1455 non
2267 1411 2489 1462 habebit.

185 1490 338 1536 Porro
366 1488 604 1550 quoniam
653 1487 859 1535 oePP—-oe
908 1492 983 1534 est
1021 1488 1320 1549 productum
1357 1504 1419 1534 ex
1445 1489 1677 1535 omnibus
1703 1488 2050 1541 functionibus
2077 1496 2248 1556 primis
2275 1499 2488 1558 duarum

186 1577 555 1626 dimensionum
573 1577 837 1638 uniusque,
855 1577 1038 1624 divisor
1055 1578 1333 1624 communis
1350 1577 1599 1625 maximae
1615 1578 1942 1628 dimensionis
1959 1581 2278 1633 functionum
2303 1588 2495 1637 oePP——oe

185 1676 234 1718 et
269 1649 340 1748 ξ,

185 1759 324 1805 Hinc
354 1757 564 1805 ulterius
593 1756 956 1819 progrediendo
983 1756 1297 1818 perspicitur,
1341 1756 1398 1802 X
1431 1756 1524 1804 hoc
1551 1757 1698 1803 modo
1718 1757 1772 1804 in
1792 1756 2006 1807 factores
2046 1760 2080 1817 ξ,
2110 1758 2164 1818 ξ’,
2195 1763 2243 1815 ξ”
2267 1771 2361 1814 etc,
2412 1784 2491 1815 re-

395 1666 433 1720 ξ’
480 1667 703 1715 involvet
737 1682 909 1713 omnes
946 1666 1182 1713 divisores
1218 1666 1376 1728 ipsius
1433 1666 1509 1720 X,
1570 1667 1657 1727 qui
1699 1675 1816 1716 sunt
1855 1671 2066 1718 duarum
2104 1674 2486 1726 dimensionum.

185 1848 325 1902 solvi,
355 1847 441 1909 qui
469 1846 737 1893 continent
763 1845 1038 1908 respective
1064 1861 1237 1891 omnes
1264 1844 1504 1893 divisores
1531 1844 1695 1901 unius,
1725 1846 1952 1904 duarum,
1995 1849 2145 1897 trium
2172 1858 2265 1901 ete.
2294 1856 2489 1905 dimen-

183 1937 395 1985 sionum.

1278 2116 1391 2157 372.

357 2200 409 2247 Si
436 2207 604 2247 autem
631 2200 933 2262 productum
968 2215 1029 2245 ex
1054 2199 1284 2261 pluribus
1325 2198 1672 2246 functionibus
1699 2199 1872 2261 primis
1899 2201 2124 2250 eiusdem
2160 2205 2486 2256 dimensionis

181 2291 354 2337 datum
383 2296 470 2343 est,
511 2289 740 2352 singulae
768 2288 1049 2336 functiones
1078 2290 1319 2335 tentando
1347 2288 1453 2335 erui
1481 2289 1748 2336 debebunt.
1823 2290 2060 2352 Magnam
2087 2283 2370 2357 analogiam
2396 2297 2486 2344 ha-

178 2380 266 2426 bet
291 2380 384 2426 hoc
410 2378 670 2441 problema
695 2394 809 2425 cum
836 2394 918 2432 eo,
957 2378 1093 2438 quod
1123 2394 1445 2424 numerorum
1471 2377 1858 2439 compositorum
1883 2377 2097 2428 factores
2134 2398 2369 2443 quaerere
2406 2385 2484 2433 iu—

178 2469 280 2516 bet.
355 2467 457 2514 Hic
484 2483 599 2515 vero
624 2467 725 2514 iam
752 2484 780 2513 a
805 2466 958 2529 priori
983 2467 1366 2522 determinatur,
1407 2483 1471 2514 an
1497 2465 1692 2513 functio
1716 2468 1970 2530 proposita
2003 2470 2057 2517 in
2083 2468 2293 2519 factores
2320 2475 2486 2522 adhuc

179 2557 394 2618 discerpi
420 2556 588 2618 possit.
679 2556 851 2609 Quum
887 2563 938 2604 et
962 2556 1042 2602 hic
1068 2555 1315 2603 factorum
1342 2556 1566 2603 omnium
1593 2556 1907 2618 possibilium
1935 2558 2207 2607 multitudo
2234 2562 2298 2610 sit
2321 2564 2480 2618 finita,

180 2645 332 2692 simili
369 2645 592 2692 subsidio
618 2651 676 2693 ut
712 2662 864 2708 supra
898 2645 975 2692 uti
1010 2662 1287 2707 possumus.
1386 2646 1484 2693 Sed
1520 2645 1637 2692 huic
1673 2645 1747 2693 rei
1781 2645 2040 2694 inhaerere
2066 2648 2324 2705 nolumus,
2364 2667 2481 2697 nam

179 2734 450 2781 calculator
476 2734 778 2781 exercitatus
804 2734 1049 2797 principia
1074 2736 1231 2796 probe
1257 2740 1529 2789 assecutus,
1563 2735 1764 2796 quando
1790 2750 1914 2798 opus
1942 2740 2041 2790 est,
2087 2735 2233 2784 facile
2269 2738 2483 2786 artificia

178 2823 501 2884 particularia
526 2823 757 2884 reperiet.

349 2911 704 2972 Progredimur
730 2912 792 2957 ad
819 2911 958 2958 aliud
983 2918 1148 2973 caput,
1178 2911 1369 2960 scilicet
1389 2913 1452 2958 ad
1473 2911 1924 2959 considerationem
1951 2912 2405 2974 congruentiarum‚
2437 2914 2479 2961 si

176 2998 410 3046 modulus
440 3015 538 3045 non
565 3006 641 3045 est
670 3015 908 3046 numerus
933 3000 1139 3061 primus,
1169 3001 1244 3047 uti
1269 3001 1514 3047 hactenus
1536 3016 1731 3062 semper
1751 3001 2119 3062 supposuimus.
2179 3001 2481 3050 Praesertim

176 3102 293 3134 vero
318 3087 399 3134 hic
427 3087 513 3134 ille
540 3103 682 3134 casus
709 3089 986 3135 attentione
1013 3089 1192 3151 dignus
1219 3095 1318 3143 est,
1359 3090 1449 3135 ubi
1475 3088 1707 3136 modulus
1743 3094 1817 3136 est
1843 3089 2039 3136 numeri
2063 3089 2213 3151 primi
2238 3096 2476 3152 potestas,

175 3181 286 3222 tum
311 3192 401 3238 per
427 3191 477 3222 se
508 3182 614 3223 tum
643 3177 776 3238 quod
802 3178 865 3223 ad
891 3177 1060 3238 aliqua
1085 3178 1238 3225 dubia
1262 3178 1563 3225 removenda
1590 3178 1698 3241 (ἐξ.
1727 3215 1736 3224 .
1767 3178 1796 3241 .)
1824 3177 2132 3224 necessarius
2159 3178 2238 3226 sit.
