2618 3450
1273 674 1357 738 [L]

272 809 376 861 DE
415 808 631 862 NEXU
669 807 910 860 INTER
945 808 1387 861 MULTITUDI
1397 809 1449 862 N
1453 809 1562 861 EM
1602 809 1975 862 CLASSIUM
1988 852 1999 871 ‚
2045 809 2129 862 IN
2169 810 2367 868 QUAS

201 936 524 989 FORMAE
583 935 965 988 BINARIAE
1021 934 1265 988 SECUN
1268 936 1352 989 DI
1417 937 1729 989 GRADUS
1777 937 2136 990 DISTRIBU
2149 937 2436 1000 UNTUR‚

724 1064 1161 1121 EARUMQUE
1204 1065 1412 1118 DETE
1441 1065 1938 1119 RMJNARTEM.

1043 1227 1420 1264 COMMENTATIO
1447 1230 1607 1265 PRIOR

820 1343 1074 1378 SOCIETATI
1099 1342 1296 1378 REGIAE
1322 1346 1573 1381 EXHIBITA
1604 1347 1696 1382 1834
1714 1371 1724 1382 .
1749 1373 1755 1379 .
1780 1373 1786 1379 .
1809 1370 1819 1380 .

1302 1704 1343 1742 1.

342 1784 571 1847 Triginta
593 1791 690 1832 tres
711 1785 810 1832 iam
835 1784 992 1846 elapsi
1014 1791 1131 1832 sunt
1152 1785 1286 1839 anni,
1315 1801 1377 1831 ex
1400 1799 1498 1845 quo
1520 1780 1766 1844 principia
1786 1797 1945 1828 nexus
1966 1782 2223 1841 mirabilis,
2248 1784 2328 1831 cui
2349 1786 2471 1833 haec

168 1874 523 1920 commentatio
550 1873 715 1920 dicata
741 1879 828 1926 est,
859 1873 1166 1926 deteximus,
1194 1872 1268 1919 uti
1304 1873 1403 1918 iam
1431 1872 1484 1917 in
1510 1870 1610 1916 fine
1640 1868 2032 1931 Disqmsssitionum
2057 1871 2468 1921 Arithmetz'carum

170 1962 532 2009 annunciatum
559 1967 647 2009 est.
723 1962 821 2008 Sed
847 1961 973 2007 aliae
999 1961 1352 2022 occupationes
1381 1961 1443 2006 ab
1476 1959 1570 2005 hac
1597 1958 1901 2005 scrutatione
1927 1975 2016 2021 per
2039 1959 2245 2022 longum
2272 1968 2467 2024 tempus

169 2050 504 2103 detraxerant,
546 2050 705 2095 donec
743 2048 1009 2096 recentiori
1048 2055 1271 2110 tempore
1310 2049 1372 2094 ad
1410 2063 1525 2093 eam
1562 2046 1742 2093 reverti
1778 2053 1828 2093 et
1865 2063 1954 2107 per
1990 2063 2139 2094 novas
2179 2065 2319 2096 curas
2359 2066 2468 2096 eam

169 2139 408 2199 ampliare
435 2138 660 2199 contigit.
735 2139 973 2184 Attamen
1013 2153 1168 2197 quum
1204 2137 1328 2182 haec
1366 2151 1498 2181 nova
1524 2134 1884 2181 Arithmeticae
1920 2135 2234 2183 Sublimioris
2269 2154 2381 2199 pars
2407 2138 2469 2184 li-

169 2227 313 2273 mites
341 2227 489 2272 unius
517 2226 953 2272 commentationis
980 2226 1199 2281 excedat,
1242 2224 1423 2270 haecce
1450 2222 1585 2284 prior
1610 2221 1780 2268 formis
1808 2224 2250 2272 determinantium
2278 2227 2469 2288 negati—

168 2331 340 2361 vorum
369 2315 531 2362 dicata
557 2314 673 2361 erit:
713 2314 901 2360 formae
939 2329 1053 2359 vero
1089 2310 1536 2359 determinantium
1572 2310 1922 2372 positivorum,
1964 2328 2091 2373 quae
2120 2314 2465 2361 tractationem

169 2418 371 2464 prorsus
400 2403 704 2464 peculiarem
732 2402 1019 2462 requirunt,
1062 2399 1467 2448 commentationi
1497 2398 1638 2445 alteri
1664 2405 1939 2445 reservatae
1967 2416 2166 2447 manere
2194 2402 2463 2449 debebunt.

1313 2581 1354 2620 2.

341 2665 483 2711 Basis
512 2665 662 2712 totius
691 2665 971 2727 argumenti
992 2670 1067 2711 est
1087 2663 1372 2724 disquisitio
1399 2661 1666 2724 peculiaris
1694 2661 1824 2706 circa
1845 2661 2220 2708 multitudinem
2242 2662 2465 2708 omnium

175 2753 602 2800 combinationum
628 2754 849 2800 valorum
878 2753 1214 2814 integrorum,
1257 2766 1381 2812 quos
1409 2751 1509 2796 duo
1538 2749 1732 2795 numeri
1757 2749 1940 2810 integri
1965 2749 2215 2796 indefiniti
2250 2766 2297 2803 α’,
2322 2766 2353 2811 y
2388 2750 2465 2796 in—

171 2849 247 2888 tra
273 2841 515 2887 ambitum
543 2841 903 2902 praescriptum
931 2841 1197 2901 accipiunt.
1273 2838 1547 2885 Manifesto
1573 2838 1665 2883 hoc
1692 2837 1949 2898 problema
1969 2838 2116 2884 etiam
2144 2839 2235 2884 sub
2261 2845 2465 2899 aspectu

169 2930 471 2991 geometrico
499 2929 725 2975 exhiberi
751 2935 929 2990 potest,
959 2936 1014 2976 ut
1036 2936 1239 2976 eruatur
1267 2927 1540 2974 multitudo
1564 2941 1853 2972 numerorum
1879 2927 2222 2989 compleoeorum,
2253 2942 2464 2987 quorum

170 3017 561 3078 repraesentatio
587 3017 719 3062 intra
742 3017 954 3078 figuram
980 3016 1338 3078 praescriptam
1360 3014 1506 3061 cadit.
1584 3013 1785 3059 Indoles
1811 3013 1999 3074 figurae
2026 3028 2086 3058 ex
2113 3012 2278 3059 indole
2302 3013 2464 3060 lineae

169 3121 298 3165 quae
325 3120 432 3150 eam
462 3104 760 3158 circumdat,
789 3105 1011 3165 adeoque
1038 3103 1278 3165 pendebit
1302 3102 1381 3149 vel
1409 3103 1471 3147 ab
1500 3100 1647 3147 unica
1672 3101 1968 3161 aequatione
1994 3100 2126 3147 inter
2152 3101 2464 3148 coordinat-as

168 3208 216 3248 x,
237 3209 274 3254 y
313 3192 524 3253 (quoties
551 3192 834 3253 peripheria
860 3200 934 3239 est
960 3208 1108 3238 curva
1135 3191 1188 3236 in
1216 3207 1267 3236 se
1293 3189 1507 3252 rediens)
1536 3189 1615 3235 vel
1640 3204 1669 3234 a
1698 3189 1924 3248 pluribus
1952 3187 2239 3234 huiusmodi
2278 3205 2465 3250 aequa-
