2618 3450
756 102 1197 135 DEMONSTRATIONES
1222 106 1277 136 ET
1303 104 1639 136 AMPLIATIONES
1663 106 1834 137 NOVAE.
2379 102 2440 149 53

322 227 389 274 ΙΙ.
452 225 664 272 Numeri
686 227 956 272 secundum
979 225 1206 272 modulos
1236 242 1293 280 m,
1317 225 1384 272 M
1412 242 1539 287 resp.
1563 227 1783 275 numeris
1811 244 1871 274 ex
1896 227 1946 286 f,
1971 226 2036 273 F'
2072 233 2290 291 congrui,
2319 252 2441 296 quo„

149 333 257 363 rum
286 314 658 361 multitudinem
690 319 967 360 statuemus
1016 335 1079 354 =
1106 311 1152 359 6.

320 403 417 448 ΙΙΙ.
481 401 691 447 Numeri
717 402 992 447 secundum
1029 401 1255 447 modulos
1311 417 1367 453 m,
1397 400 1463 446 M
1515 416 1641 461 resp.
1670 403 1890 449 numeris
1924 420 1985 450 ex
2027 405 2092 468 f',
2119 407 2170 452 F
2217 412 2436 471 congrui,

149 494 358 552 querum
384 489 761 536 multitudinem
788 495 1059 535 statuemus
1099 510 1162 529 :z
1191 506 1237 553 γ.

319 578 407 624 IV.
470 576 679 622 Numeri
706 576 982 622 secundum
1017 576 1243 622 modulos
1298 591 1355 630 m,
1386 575 1445 621 M
1498 590 1625 636 resp.
1653 576 1872 623 numeris
1904 593 1965 623 ex
2007 577 2071 642 f,
2103 579 2166 626 F'
2219 585 2435 644 congrui,

148 682 359 727 quorum
387 665 657 711 multitudo
685 664 747 711 sit
792 685 854 704 :r-
882 658 922 710 δ.

318 754 379 800 V.
442 752 652 799 Numeri
678 767 766 813 per
808 768 851 798 m
895 751 1189 806 divisibiles,
1219 752 1494 798 secundum
1523 752 1779 799 modulum
1818 753 1884 799 M
1911 770 2025 801 vero
2051 756 2262 804 residuis
2289 774 2350 805 ex
2390 759 2441 805 F

147 841 367 904 congrui.

315 929 406 975 VI.
469 927 678 973 Numeri
699 942 788 988 per
825 942 868 972 m
907 926 1194 980 divisibiles,
1223 928 1496 974 secundum
1518 928 1776 975 modulum
1814 930 1876 976 M
1909 947 2023 978 vero
2044 933 2255 980 residuis
2278 950 2338 980 ex
2373 934 2436 980 F'

147 1018 365 1080 congrui.

316 1103 428 1151 VII.
495 1104 702 1152 Numeri
729 1120 815 1165 per
853 1104 914 1150 M
949 1104 1238 1158 divisibiles,
1269 1105 1544 1151 secundum
1573 1107 1829 1154 modulum
1863 1125 1907 1155 m
1944 1116 2109 1157 autem
2136 1110 2346 1159 residuis
2373 1129 2432 1158 ex

131 1196 175 1259 f
204 1193 426 1256 congrui.

317 1282 460 1328 VIII.
525 1279 735 1326 Numeri
761 1295 848 1340 per
884 1278 949 1324 M
980 1279 1276 1334 divisibiles,
1316 1282 1593 1327 secundum
1621 1283 1877 1329 modulum
1916 1300 1959 1330 m
1996 1300 2108 1331 vero
2134 1287 2345 1333 residuis
2373 1303 2434 1332 ex

132 1370 185 1434 f'
221 1370 440 1433 congrui.

315 1458 582 1506 Manifesto
609 1458 790 1504 classes
813 1456 858 1502 V
886 1462 935 1503 et
955 1456 1030 1502 VI
1057 1456 1206 1503 simul
1233 1463 1425 1503 sumtae
1447 1436 1840 1518 complectentur
1861 1475 2031 1507 omnes
2053 1478 2284 1508 numeros
2315 1463 2431 1514 mF,

140 1548 408 1595 multitudo
434 1562 756 1593 numerorum
783 1545 835 1590 in
864 1545 938 1591 VI
965 1550 1315 1591 contentorum
1343 1544 1437 1591 erit
1487 1566 1549 1585 z
1576 1546 1643 1599 N,
1699 1547 1921 1607 adeoque
1955 1548 2225 1596 multitudo
2260 1566 2435 1596 nume-

140 1653 306 1683 rorum
333 1637 385 1682 in
414 1636 460 1681 V
488 1640 833 1681 contentorum
859 1633 953 1679 erit
989 1632 1386 1695 ÷(M—1)-N.
1461 1633 1677 1680 Perinde
1703 1635 1881 1682 classes
1920 1637 2024 1682 VII
2050 1643 2100 1684 et
2125 1638 2254 1684 VIII
2288 1623 2434 1686 simul

139 1731 331 1772 sumtae
360 1723 692 1770 continebunt
718 1737 888 1767 omnes
916 1736 1149 1767 numeros
1198 1721 1264 1766 M
1257 1722 1306 1785 f
1356 1721 1407 1767 in
1441 1721 1598 1769 classe
1625 1722 1756 1769 VIII
1789 1724 2100 1785 reperientur
2145 1743 2176 1772 n
2222 1728 2430 1782 numeri,

137 1814 188 1859 in
216 1813 371 1859 classe
398 1812 501 1858 VII
528 1817 695 1858 autem
738 1809 1104 1872 7}(m—-1)—n.

308 1901 515 1947 Prorsus
543 1899 696 1945 simili
722 1899 867 1944 modo
894 1914 1066 1944 omnes
1095 1897 1291 1944 numeri
1328 1895 1373 1960 φ’
1409 1898 1462 1943 in
1483 1904 1594 1944 octo
1616 1898 1798 1946 classes
1825 1900 1907 1945 IX
1926 1900 2105 1946 ..XVI
2131 1901 2432 1950 distribuen-

137 1997 238 2043 tur,
285 1989 337 2035 in
365 2004 463 2049 quo
491 1987 691 2049 negotio
717 1986 758 2032 si
786 1987 1000 2032 eundem
1037 1986 1263 2032 ordinem
1298 2000 1573 2042 servamUS‚
1620 1985 1766 2033 facile
1801 1988 2152 2049 perspicietur,
2199 2005 2430 2037 numeros

136 2079 188 2124 in
216 2077 457 2124 classibus

659 2203 752 2255 IX,
792 2202 860 2257 X,
917 2202 1014 2255 XI,
1054 2202 1178 2254 XII,
1218 2200 1370 2253 XIII,
1409 2198 1554 2253 XIV,
1595 2199 1712 2255 XV,
1776 2201 1904 2247 XVI

137 2317 396 2358 contentos
423 2327 549 2372 resp.
580 2326 686 2357 esse
714 2310 1079 2370 complementa
1104 2323 1428 2355 numerorum
1454 2308 1506 2353 in
1535 2306 1776 2354 classibus

654 2418 742 2473 IV,
780 2418 877 2471 III,
945 2417 1010 2470 II,
1105 2417 1142 2465 Ι.
1251 2416 1341 2469 VI,
1449 2414 1508 2471 V,
1586 2414 1732 2469 VIII,
1788 2416 1891 2463 VII

136 2550 484 2592 contentorum
512 2545 574 2590 ad
610 2543 741 2596 mM,
777 2543 849 2590 ita
873 2549 930 2589 ut
954 2543 1006 2588 in
1035 2542 1190 2588 classe
1220 2542 1300 2587 IX
1325 2541 1642 2603 reperiantur
1688 2537 1715 2588 δ
1762 2543 1982 2599 numeri;
2022 2543 2073 2589 in
2102 2544 2255 2591 classe
2302 2546 2369 2600 X,
2398 2563 2429 2609 γ

135 2641 184 2679 et
210 2633 279 2679 sic
305 2647 464 2692 porr0.
553 2633 661 2678 Iam
687 2637 850 2693 patet,
892 2631 933 2677 si
965 2646 1134 2676 omnes
1161 2630 1358 2677 numeri
1383 2630 1574 2691 primae
1601 2629 1770 2676 classis
1801 2631 2105 2678 associentur
2130 2648 2242 2678 cum
2270 2633 2429 2679 omni-

139 2724 227 2767 bus
255 2720 476 2767 numeris
504 2721 674 2766 classis
701 2735 884 2773 nonae,
921 2719 1094 2765 haberi
1121 2734 1293 2764 omnes
1319 2734 1551 2765 numeros
1578 2717 1710 2765 infra
1744 2718 1870 2772 mM,
1912 2719 1997 2779 qui
2025 2721 2297 2766 secundum
2326 2736 2429 2766 mo-

136 2809 309 2855 dulum
347 2825 391 2854 m
428 2808 579 2854 alicui
606 2824 816 2854 numero
844 2824 905 2854 ex
930 2806 980 2869 f,
1034 2807 1310 2852 secundum
1337 2805 1597 2852 modulum
1636 2805 1699 2852 M
1730 2821 1842 2852 vero
1870 2805 2020 2852 alicui
2047 2823 2254 2853 numero
2280 2823 2341 2854 ex
2380 2807 2432 2853 F

135 2904 251 2944 sunt
278 2897 502 2959 congrui,
539 2912 852 2957 quorumque
880 2894 1258 2942 multitudinem
1287 2894 1546 2954 aequalem
1574 2909 1680 2940 esse
1707 2894 2019 2940 multitudini
2045 2894 2267 2940 omnium
2295 2910 2428 2940 com—

136 2986 447 3032 binationum
475 2985 785 3046 singulorum
821 2985 866 3048 f
907 2998 1019 3030 cum
1048 2981 1257 3044 singulis
1305 2981 1364 3035 F,
1417 2980 1564 3028 facile
1591 2981 1897 3043 perspicitur.
1974 2980 2231 3027 Habemus
2256 2981 2426 3042 itaque

923 3114 1076 3176 ειμι-δ
1104 3118 1647 3181 =÷<m—1><M—1>
