2618 3450
1056 139 1383 170 COMMENTATIO
1410 139 1631 171 SECUNDA.
2401 133 2493 179 107

195 262 419 324 quaestio
447 261 628 311 oritur,
671 275 793 304 num
821 258 996 305 similis
1025 261 1280 308 distinctio
1307 261 1438 308 inter
1464 267 1733 322 quaternos
1761 276 1995 307 numeros
2024 263 2305 324 complexos
2334 268 2492 315 socios

196 349 409 398 stabiliri
435 348 606 410 possit,
637 353 685 393 et
712 362 800 407 pro
821 346 935 392 utili
956 347 1128 394 haberi
1149 350 1341 396 debeat.
1396 349 1478 396 Ad
1500 365 1645 409 quam
1671 348 2002 395 decidendam
2022 353 2330 411 perpendere
2352 370 2496 416 opor—

197 446 293 491 tet,
335 436 638 500 principium
665 435 1000 481 distinctionis
1027 435 1096 481 ita
1122 444 1462 498 comparatum
1491 452 1597 482 esse
1624 437 1829 486 debere,
1873 445 1930 484 ut
1955 439 2255 499 productum
2284 442 2494 489 duorum

195 542 538 578 numerorum,
581 523 668 584 qui
693 523 822 569 inter
850 523 1007 569 socios
1036 539 1149 570 suos
1180 541 1265 585 pro
1294 525 1540 586 primariis
1568 525 1762 580 valent,
1793 541 1988 586 semper
2013 527 2100 574 fiat
2128 544 2366 575 numerus
2393 531 2493 591 pri-

193 617 378 663 marius
415 616 545 661 inter
580 612 737 659 socios
773 628 901 659 SUOS.
977 614 1047 659 At
1087 629 1201 659 mox
1239 615 1471 660 certiores
1497 615 1666 666 fimm,
1708 614 1805 660 tale
1833 615 2135 676 principium
2162 618 2364 664 omnino
2392 635 2491 665 non

195 705 327 759 dari,
356 704 455 750 nisi
482 701 736 749 distinctio
764 701 826 746 ad
852 716 1085 746 numeros
1111 701 1327 763 integros
1350 703 1701 764 restringatur:
1732 704 1978 764 quinadeo
2006 705 2261 752 distinctio
2281 708 2405 753 utilis
2430 710 2492 755 ad

192 808 427 839 numeros
453 791 667 852 impares
693 788 960 835 limitanda
985 789 1089 835 erit.
1143 790 1237 835 Pro
1259 790 1333 835 his
1356 806 1471 836 vero
1491 791 1605 836 finis
1627 792 1912 852 propositus
1934 794 2120 854 duplici
2148 796 2293 841 modo
2314 796 2491 859 attingi

194 888 374 943 potest.
450 878 651 925 Scilicet
793 866 796 869 .

160 1026 166 1032 ⁷
363 970 402 1015 Ι.
458 967 766 1013 Productum
804 964 1016 1009 duorum
1047 980 1369 1010 numerorum
1423 966 1617 1024 a—l-bzf,
1658 965 1832 1025 a'—†-b'i
1879 968 1946 1014 ita
1973 977 2395 1030 comparatorum,
2437 979 2491 1020 ut

191 1077 235 1113 a,
264 1056 303 1104 α’
328 1058 430 1104 sint
456 1055 646 1102 formae
687 1057 886 1113 4n—{—1‚
928 1060 1079 1113 atque
1121 1054 1159 1108 h,
1190 1051 1224 1099 ῥ’
1262 1070 1430 1115 pare&
1472 1056 1645 1101 eadem
1673 1055 1975 1116 proprietate
2001 1059 2252 1118 gaudebit,
2295 1067 2351 1107 ut
2376 1077 2489 1121 pars

190 1146 335 1193 realis
361 1146 450 1191 fiat
488 1159 554 1192 Ξ
581 1152 599 1189 1
622 1141 855 1206 (mod.4),
898 1148 1049 1201 atque
1076 1157 1188 1202 pars
1216 1142 1512 1203 imaginaria
1539 1160 1641 1204 par.
1716 1144 1783 1190 Et
1807 1143 1953 1190 facile
1980 1147 2321 1206 perspicietur,
2360 1149 2490 1197 inter

190 1242 460 1297 quaternos
487 1248 720 1279 numeros
747 1231 963 1292 impares
992 1230 1258 1277 associatos
1287 1247 1441 1276 unum
1471 1231 1630 1276 solum
1653 1232 1745 1277 sub
1766 1231 1853 1277 illa
1873 1230 2031 1277 forma
2053 1243 2344 1282 contentum
2366 1252 2487 1284 esse.

362 1323 430 1368 Π.
471 1322 522 1367 Si
548 1335 788 1367 numerus
840 1318 1011 1377 cc—l-bz'
1059 1318 1129 1364 ita
1156 1325 1469 1379 comparatus
1499 1327 1594 1371 est,
1638 1325 1694 1365 ut
1742 1327 1876 1365 a-—1
1934 1328 1982 1366 et
2017 1322 2040 1367 b
2078 1322 2156 1367 vel
2185 1324 2330 1369 simul
2358 1325 2490 1385 pari-

190 1420 265 1460 ter
291 1427 435 1473 pares
475 1411 599 1466 sint,
639 1409 719 1456 vel
757 1407 906 1454 simul
944 1407 1204 1468 impariter
1239 1423 1406 1468 pares,
1448 1407 1553 1453 eius
1593 1408 1893 1469 productum
1931 1424 2018 1469 per
2057 1426 2321 1457 numerum
2349 1428 2490 1458 com-

188 1500 395 1561 plexum
423 1498 646 1545 eiusdem
674 1495 862 1543 formae
890 1497 1064 1542 eadem
1090 1494 1251 1542 forma
1270 1496 1527 1558 gaudebit,
1557 1494 1805 1557 facileque
1832 1497 2145 1559 perspicitur,
2180 1515 2205 1545 e
2233 1502 2487 1560 quaternis
2523 1486 2524 1489 Ἰ

188 1588 410 1635 numeris
436 1587 711 1648 imparibus
739 1585 995 1632 associatis
1023 1601 1182 1631 unum
1209 1584 1371 1631 solum
1398 1586 1489 1631 sub
1521 1584 1613 1631 hac
1641 1583 1802 1631 forma
1829 1587 2089 1634 contineri.

361 1676 437 1722 Ex
463 1676 539 1723 his
567 1676 762 1722 duobus
790 1674 1050 1736 principiis
1079 1690 1236 1735 aeque
1262 1672 1365 1720 fere
1392 1674 1581 1719 idoneis
1611 1674 1854 1734 posterius
1882 1675 2255 1736 adoptabimus,
2299 1677 2488 1725 scilicet

187 1766 319 1812 inter
346 1771 613 1826 quaternos
642 1780 876 1810 numeros
905 1763 1189 1824 complexos
1216 1763 1432 1824 impares
1460 1762 1727 1809 associatos
1755 1779 1866 1809 eum
1895 1779 1984 1824 pro
2012 1764 2244 1825 primario
2280 1766 2487 1813 habebi-

188 1870 320 1906 mus,
361 1853 448 1915 qui
474 1853 749 1899 secundum
777 1853 1036 1899 modulum
1088 1855 1262 1912 2—1-22'
1306 1852 1488 1900 unitati
1528 1852 1770 1913 positivae
1807 1853 1863 1899 fit
1896 1869 2170 1916 congruus:
2211 1855 2303 1902 hoc
2339 1863 2484 1918 pacto

185 1942 331 2004 plura
355 1942 571 2004 insignia
597 1941 902 1988 theoremata
923 1942 1099 1988 maiori
1120 1941 1459 1988 concinnitate
1482 1941 1748 1989 enunciare
1770 1942 1957 1992 licebit.
2030 1944 2108 1990 Ita
2129 1961 2168 1991 e.
2183 1960 2229 2006 g.
2253 1954 2369 1993 sunt
2392 1963 2485 1993 nu-

187 2031 311 2077 meri
338 2031 485 2092 primi
513 2030 759 2091 complexi
786 2030 1011 2092 primarii
1058 2032 1309 2089 *1-1-21,
1349 2031 1595 2087 -1-21,
1632 2033 1893 2089 -1-3-4-21,
1932 2035 2197 2091 -1-3-21,
2228 2037 2478 2093 -Ι-ῑ-ἧ-ιιὶ,

186 2121 422 2178 -4-1-41
451 2126 569 2173 etc.‚
609 2135 703 2165 nec
727 2135 828 2165 non
855 2120 1012 2166 reales
1051 2149 1115 2153 —
1134 2126 1175 2172 3,
1205 2126 1325 2173 -7,
1356 2127 1504 2175 —11,
1535 2125 1668 2164 —-19
1698 2125 1789 2165 etc,
1828 2118 2095 2166 manifesto
2123 2136 2318 2182 semper
2340 2122 2481 2184 signo

184 2208 416 2270 negativo
443 2207 706 2254 afficiendi.
784 2207 1007 2255 Numero
1035 2208 1295 2270 complexo
1322 2208 1503 2270 impari
1541 2207 1773 2269 primario
1809 2208 2106 2275 coniunctus
2144 2224 2342 2270 quoque
2383 2211 2481 2272 pri—

183 2297 368 2343 marius
395 2296 503 2343 erit.

352 2385 447 2431 Pro
467 2385 687 2431 numeris
710 2385 1040 2447 semiparibus
1063 2392 1112 2432 et
1133 2385 1336 2447 paribus
1357 2386 1407 2431 in
1426 2401 1607 2447 genere
1631 2383 1805 2431 similis
1827 2385 2082 2432 distinctio
2104 2386 2251 2432 nimis
2274 2388 2479 2434 arbitra-

181 2475 253 2521 ria
275 2489 550 2535 parumque
572 2474 711 2520 utilis
734 2472 877 2521 foret.
925 2474 967 2519 E
984 2474 1205 2521 numeris
1228 2474 1401 2536 primis
1423 2473 1673 2520 associatis
1718 2476 1855 2532 1—†-z·,
1892 2476 2025 2528 1—2‘,
2058 2476 2261 2533 —1—f-z',
2287 2479 2480 2520 -—1—z'

181 2579 337 2608 unum
366 2562 567 2622 quidem
593 2578 713 2623 prae
739 2562 946 2623 reliquis
976 2578 1063 2624 pro
1090 2563 1326 2623 primario
1354 2562 1539 2625 eligere
1563 2577 1843 2623 possumus,
1874 2563 1960 2608 sed
1986 2564 2049 2608 ad
2076 2563 2373 2624 compositos
2403 2571 2472 2610 ta—

179 2651 277 2697 16111
305 2650 680 2697 distinctionem
709 2667 810 2697 non
839 2652 1186 2698 extendemus

1293 2833 1368 2873 37.

351 2916 402 2963 Si
427 2916 559 2963 inter
584 2915 797 2963 factores
825 2916 1022 2963 numeri
1049 2915 1298 2976 complexi
1325 2914 1588 2976 compositi
1613 2914 1938 2961 inveniuntur
1963 2912 2099 2965 taleS,
2129 2911 2214 2972 qui
2239 2911 2333 2971 ipsi
2355 2918 2471 2958 sunt

177 3005 453 3067 compositi,
476 3012 628 3066 atque
649 3005 702 3050 hi
722 3005 907 3052 iterum
928 3005 980 3050 in
1001 3003 1213 3052 factores
1235 3019 1348 3050 suos
1370 3003 1702 3057 resolvuntur,
1728 3001 1988 3048 manifesto
2012 3000 2210 3046 tandein
2232 2999 2293 3044 ad
2314 2996 2469 3045 facto-

175 3109 252 3141 res
278 3093 465 3156 primos
493 3093 798 3147 delabimur,
836 3094 865 3139 i.
894 3110 935 3141 e.
965 3094 1127 3154 quivis
1155 3108 1392 3140 numerus
1421 3092 1723 3153 compositus
1750 3091 1801 3137 in
1829 3089 2038 3136 factores
2067 3087 2251 3149 primos
2279 3088 2467 3134 resolu-

176 3182 291 3229 bilis
318 3189 407 3229 est.
484 3182 622 3229 Inter
647 3198 772 3244 quos
800 3182 841 3228 si
868 3183 955 3243 qui
981 3198 1081 3229 non
1110 3180 1334 3244 primarii
1360 3180 1695 3241 reperiuntur,
1726 3179 2032 3242 singulorum
2059 3177 2166 3223 loco
2194 3177 2467 3223 substitua-

1992 3286 2005 3322 1
2023 3284 2047 3323 4
2063 3274 2088 3299 *
