2618 3450
197 198 262 244 60
496 209 811 242 THEOREMATIS
835 204 1217 239 FUNDAMENTALIS
1244 204 1290 235 IN
1316 204 1547 236 DOCTRINA
1571 205 1633 235 DE
1658 203 1860 237 RESIDUIS
1886 204 2186 245 QUADRATICIS

372 331 629 393 Proposito
651 330 819 390 itaque
840 343 1047 375 numero
1073 344 1115 380 α,
1156 327 1297 372 cuius
1320 324 1496 372 relatio
1517 327 1577 372 ad
1604 342 1868 372 numerum
1896 326 2113 387 primum
2151 329 2175 375 b
2211 330 2493 391 quaeritur:

198 437 285 481 pro
324 438 364 475 α,
407 421 447 465 si
474 419 629 465 maior
656 426 731 464 est
751 434 898 478 quam
929 417 965 469 b,
1008 421 1123 461 ante
1151 414 1319 460 onmia
1346 413 1677 460 substituetur
1703 415 1809 461 eius
1837 415 2093 462 residuum
2116 417 2379 465 minimum
2410 436 2496 481 po-

197 509 397 555 sitivum
427 507 700 553 secundum
729 504 985 550 modulum
1012 505 1048 557 I),
1090 518 1188 563 quo
1209 502 1408 548 residuo
1429 501 1479 547 in
1506 500 1716 549 factores
1739 519 1852 549 suos
1874 503 2059 565 primos
2081 506 2313 559 resoluto,
2343 524 2496 568 quae-

198 598 289 643 stio
313 613 398 656 per
420 596 672 641 theorema
696 594 745 638 II
766 594 970 637 reducta
991 601 1064 638 est
1086 592 1146 636 ad
1168 590 1503 636 inventionem
1528 590 1785 637 relationis
1808 592 2121 653 singulorum
2143 593 2321 640 horum
2342 594 2496 643 facto-

195 701 302 731 rum
334 686 394 729 ad
434 685 471 729 b.
549 682 743 727 Relatio
771 681 971 727 factoris
1015 687 1064 733 2,
1107 678 1370 740 (siquidem
1399 679 1541 725 adest
1566 678 1645 725 vel
1672 680 1848 732 semel,
1878 680 1956 726 vel
1986 687 2082 734 ter,
2119 682 2198 728 vel
2225 682 2493 743 quinquies

198 776 304 833 etc.)
334 772 602 817 innotescit
630 787 716 831 per
745 770 1001 815 theorema
1026 769 1125 823 ΙΙΙ;
1157 767 1332 813 relatio
1359 765 1681 826 reliquorum,
1712 784 1800 829 per
1827 769 2083 815 theorema
2103 768 2491 819 fundamentale

197 861 382 921 pendet
408 876 435 904 a
462 859 702 904 relatione
729 857 886 918 ipsius
927 858 950 902 b
989 857 1050 901 ad
1078 855 1315 916 singulos
1394 854 1503 900 Hoc
1541 855 1712 915 itaque
1751 858 1897 902 modo
1924 857 2032 903 loco
2059 858 2208 904 unius
2236 859 2494 905 relationis

198 949 389 994 numeri
418 947 520 992 dati
543 948 603 991 ad
626 961 886 991 numerum
911 945 1127 1006 primum
1168 945 1191 989 b
1230 944 1327 988 iam
1350 943 1730 1005 investigandae
1753 953 1870 991 sunt
1893 946 2091 1006 aliquae
2112 946 2378 994 relationes
2402 964 2495 994 nu-

197 1037 318 1082 meri
357 1037 379 1081 l>
417 1036 477 1080 ad
505 1034 624 1079 alios
652 1034 837 1094 primos
865 1033 1079 1093 impares
1105 1032 1213 1092 ipso
1251 1032 1274 1076 b
1313 1031 1541 1084 minores,
1573 1048 1700 1092 quae
1727 1033 2039 1093 problemata
2066 1035 2239 1080 eodem
2265 1036 2411 1082 modo
2433 1038 2495 1083 ad

197 1126 409 1170 minores
437 1122 663 1168 modulos
692 1121 1047 1182 deprimentur,
1078 1119 1444 1180 manifestoque
1469 1121 1562 1166 hae
1585 1121 1934 1182 depressiones
1957 1123 2263 1170 successivae
2290 1126 2492 1171 tandem

195 1213 464 1259 exhaustae
493 1219 654 1257 erunt.

1321 1392 1363 1433 2.

363 1478 429 1524 Ut
449 1477 677 1537 exemplo
700 1477 820 1522 haec
842 1475 1022 1522 solutio
1045 1474 1341 1529 illustretur,
1364 1475 1650 1535 quaerenda
1672 1474 1735 1520 sit
1757 1474 1930 1521 relatio
1953 1478 2148 1523 numeri
2177 1485 2269 1525 103
2294 1481 2357 1526 ad
2382 1487 2492 1527 379.

197 1568 363 1617 Quum
403 1572 489 1610 103
518 1566 615 1610 iam
644 1565 705 1611 sit
731 1564 893 1610 minor
920 1579 1069 1623 quani
1100 1569 1211 1616 379,
1253 1571 1403 1624 atque
1430 1563 1537 1623 ipse
1565 1578 1804 1609 numerus
1832 1564 2037 1625 primus,
2075 1568 2305 1626 protinus
2334 1571 2496 1631 appli—

197 1656 411 1701 candum
440 1655 533 1700 erit
559 1655 813 1700 theorema
833 1651 1228 1705 fundamentale,
1257 1653 1390 1712 quod
1412 1653 1570 1705 docet,
1599 1651 1892 1698 relationem
1917 1654 2191 1713 quaesitam
2216 1658 2495 1718 oppositam

197 1760 300 1790 esse
327 1743 559 1789 relationi
585 1741 783 1787 numeri
815 1747 907 1787 379
939 1742 1001 1786 ad
1035 1747 1141 1786 103.
1218 1740 1358 1786 Haec
1385 1740 1567 1786 iterum
1595 1741 1816 1800 aequalis
1844 1748 1919 1788 est
1944 1742 2176 1789 relationi
2204 1747 2401 1792 numeri
2430 1755 2491 1794 70

196 1833 257 1878 ad
303 1838 410 1885 103,
449 1846 575 1891 quae
601 1831 709 1891 ipsa
734 1830 921 1891 pendet
947 1845 973 1874 a
1001 1828 1329 1875 relationibus
1356 1844 1676 1874 numerorum
1721 1835 1762 1879 2.
1797 1836 1839 1884 5,
1871 1837 1893 1875 7
1927 1831 1987 1876 ad
2029 1838 2136 1878 103.
2213 1833 2381 1880 Prima
2407 1835 2494 1882 ha—

193 1937 304 1967 rum
330 1920 629 1966 relationum
660 1935 685 1965 e
712 1916 1018 1965 theoremate
1042 1919 1125 1963 111
1146 1917 1429 1964 innotescit.
1481 1918 1710 1964 Secunda
1732 1934 1817 1979 per
1839 1919 2096 1966 theorema
2115 1920 2493 1972 fundamentale

194 2009 380 2070 pendet
407 2025 434 2054 a
459 2008 699 2054 relatione
725 2006 921 2053 numeri
965 2013 1057 2052 103
1087 2007 1150 2052 ad
1180 2014 1228 2060 5,
1271 2006 1351 2053 cui
1377 2022 1465 2067 per
1492 2007 1749 2053 theorema
1788 2007 1811 2052 Ι
1850 2008 2072 2068 aequalis
2099 2017 2173 2058 est
2198 2011 2375 2059 relatio
2401 2029 2494 2060 nu—

193 2097 317 2143 meri
348 2103 372 2142 3
403 2097 464 2142 ad
496 2103 544 2152 5;
575 2096 696 2141 haec
717 2096 897 2142 iterum
919 2110 1006 2156 per
1027 2095 1283 2142 theorema
1302 2092 1683 2141 fundamentale
1705 2096 1893 2156 pendet
1919 2113 1947 2142 a
1974 2097 2216 2146 relatione
2237 2102 2435 2148 numeri
2466 2110 2490 2148 5

193 2187 255 2232 ad
297 2192 345 2239 3,
387 2186 467 2231 cui
493 2201 578 2246 per
606 2185 858 2231 theorema
896 2185 921 2230 I
960 2183 1183 2244 aequalis
1212 2190 1287 2229 est
1313 2183 1490 2229 relatio
1518 2183 1715 2229 numeri
1757 2190 1781 2228 2
1812 2185 1873 2230 ad
1914 2191 1963 2240 3,
2007 2202 2094 2246 per
2120 2187 2375 2235 theorema
2409 2190 2491 2236 III

191 2282 325 2322 nota.
378 2274 591 2320 Perinde
611 2274 787 2320 relatio
808 2272 1004 2319 numeri
1034 2280 1057 2318 7
1084 2273 1146 2318 ad
1174 2279 1230 2318 10
1244 2279 1265 2317 3
1296 2288 1386 2333 per
1407 2272 1665 2318 theorema
1685 2270 2065 2335 fundamentale
2087 2291 2115 2321 a
2135 2277 2377 2324 relatione
2400 2295 2493 2324 nu—

193 2363 317 2409 meri
350 2368 440 2408 103
470 2362 531 2407 ad
560 2369 582 2407 7
615 2362 820 2422 pendet,
851 2377 977 2421 quae
1004 2376 1092 2422 per
1119 2361 1375 2407 theorema
1404 2361 1427 2406 Ι
1455 2360 1679 2421 aequalis
1708 2369 1782 2407 est
1809 2362 2040 2408 relationi
2067 2365 2263 2411 numeri
2294 2373 2317 2410 5
2349 2367 2409 2412 ad
2440 2375 2488 2424 73

2085 2458 2107 2470 ,-

191 2452 312 2497 haec
337 2451 516 2497 iterum
543 2466 631 2511 per
657 2450 912 2496 theorema
935 2448 1314 2497 fundamentale
1333 2452 1521 2510 pendet
1547 2466 1575 2495 a
1594 2448 1835 2496 relatione
1857 2450 2054 2496 numeri
2091 2468 2103 2497 ι
2141 2453 2203 2498 ad
2229 2460 2272 2507 5,
2312 2454 2391 2500 cui
2413 2471 2494 2502 ae-

190 2540 351 2601 qualis
380 2545 454 2586 est
479 2554 568 2600 per
594 2538 848 2585 theorema
875 2539 898 2585 I
926 2539 1101 2586 relatio
1128 2540 1324 2585 numeri
1362 2546 1385 2584 2
1416 2539 1475 2584 ad
1509 2546 1531 2584 5
1571 2555 1656 2599 per
1685 2538 1940 2584 theorema
1973 2539 2054 2585 III
2089 2547 2222 2587 nota.
2299 2544 2490 2593 Quodsi

188 2629 287 2675 iam
315 2628 443 2674 hanc
470 2626 695 2689 analysin
716 2627 767 2673 in
787 2628 1046 2689 synthesin
1068 2634 1401 2675 transmutare
1424 2628 1600 2688 placet,
1633 2627 1942 2687 quaestionis
1965 2628 2149 2675 decisio
2171 2631 2233 2676 ad
2254 2639 2492 2692 quatuor-

190 2717 348 2764 decim
378 2723 627 2763 momenta
653 2714 908 2769 referetur,
938 2732 1065 2776 quae
1093 2716 1339 2778 complete
1366 2717 1445 2762 hic
1473 2717 1787 2778 apponimus
1819 2723 1875 2763 ut
1902 2716 2057 2763 maior
2078 2718 2392 2766 concinnitas
2415 2737 2491 2767 so—

190 2805 395 2852 lutionis
423 2820 578 2851 novae
608 2820 665 2850 eo
692 2804 874 2851 clarius
902 2805 1166 2852 elucescat.

370 2903 407 2940 1.
461 2894 708 2940 Numerus
741 2900 765 2939 2
794 2899 869 2941 est
894 2894 1149 2941 residuum
1176 2895 1523 2955 quadraticum
1552 2894 1747 2941 numeri
1783 2901 1873 2941 103
1906 2894 2080 2957 (theor.
2105 2896 2226 2957 ΙΙΙ),

460 2982 713 3028 Numerus
745 2989 770 3027 2
799 2989 874 3029 est
901 2983 1287 3029 non-residuum
1315 2983 1665 3044 quadraticum
1695 2984 1893 3030 numeri
1926 2991 1949 3031 3
1980 2984 2155 3046 (theor.
2179 2985 2300 3041 III).

462 3070 713 3116 Numerus
744 3078 769 3116 5
799 3076 874 3117 est
900 3071 1288 3117 non-residuum
1314 3072 1661 3133 quadraticum
1692 3058 1889 3119 numeri
1920 3078 1944 3119 3
1976 3072 2054 3136 (ex
2081 3073 2106 3118 Ι
2131 3079 2182 3120 et
2211 3074 2271 3136 2).

398 3195 408 3204 .
459 3157 711 3205 Numerus
742 3164 766 3205 3
795 3164 872 3205 est
897 3159 1282 3206 non-residuum
1313 3160 1663 3221 quadraticum
1691 3161 1886 3207 numeri
1916 3169 1941 3207 5
1973 3160 2147 3222 (theor.
2176 3160 2314 3208 fund.
2344 3170 2394 3209 et
2425 3163 2484 3223 3).

364 2989 407 3290 §resen

460 3245 709 3292 Numerus
742 3252 835 3292 103
864 3252 939 3292 est
965 3248 1346 3295 non-residuum
1376 3249 1726 3309 quadraticum
1754 3249 1948 3296 numeri
1980 3257 2003 3295 5
2035 3250 2049 3310 (
2059 3250 2083 3295 Ι
2111 3257 2159 3297 et
2187 3249 2249 3312 4).
